2900 4959
386 257 527 324 NOTAE
548 258 599 323 IN
618 257 764 324 VITAM
784 256 992 324 nouum·
1247 275 1295 320 vn

107 407 207 474 um
218 424 267 471 st
280 404 389 472 uuo
404 366 631 553 spumea]
659 405 734 469 uon
748 404 849 490 puto
865 405 924 470 uu
944 405 1046 470 ruso.
1072 402 1188 468 nun
1202 403 1301 470 ausu

77 495 222 579 mipserat
233 490 414 569 Maecenas,
478 512 537 553 uuo
551 511 594 553 ute
605 490 703 554 rideas
713 489 924 576 strigosiorem,
938 510 1066 574 eamque
1076 488 1237 554 lectionem
1251 510 1300 554 se·

10 601 12 638 t
79 577 422 644 crtmestdoctissimns
436 573 572 637 Vossius.
614 573 688 639 Fuit
705 575 743 638 iis
759 574 1036 660 temporibusNin.
1058 572 1188 638 Crassus
1204 578 1301 661 posita

10 703 11 706 =
80 665 174 748 qnov'u
187 661 312 746 pumice
325 659 454 737 aridior,
468 680 594 742 casuque
609 661 649 732 ob
663 680 787 724 causam
801 660 969 722 istiusmodi
980 658 1125 723 conviciis
1137 660 1299 722 obnoxius.

113 743 308 832 Eulogim]
348 743 463 808 Graece
481 746 574 822 utum,
588 745 713 829 proprie
728 745 880 828 significat
896 744 1025 821 titulum,
1045 743 1167 822 lemma,
1190 743 1302 829 praefa·

80 832 182 894 tionem
204 831 376 908 concisam,
396 815 591 910 breviarium,
615 850 677 913 quo
698 831 777 913 quis,
801 830 874 913 quid
896 828 953 892 sibi
975 828 1057 906 velit,
1078 828 1185 913 paucis
1202 827 1303 892 verbis

112 999 206 1063 uma
219 997 462 1083 occupatissima
474 1006 501 1060 et
514 996 673 1083 infimo]
706 996 834 1062 Infirmi
846 997 1018 1061 valetudine
1029 998 1170 1061 utebatur
1179 996 1304 1080 Augus·

80 1101 123 1149 tus
135 1085 219 1147 omni
233 1097 384 1166 tempore,
398 1094 470 1166 post
482 1094 581 1143 autem
594 1082 707 1145 bellum
722 1081 935 1167 Hispanicum,
949 1082 1105 1167 impendio
1119 1082 1218 1166 magis
1233 1105 1305 1165 gra·

80 1190 193 1233 tacere
207 1168 305 1252 caepit
318 1169 384 1248 ejus
397 1166 551 1229 valetudo.
588 1165 665 1229 Post
681 1168 762 1231 istud
777 1166 870 1249 igimr
883 1167 995 1229 bellum
1010 1179 1129 1230 constat
1142 1189 1212 1230 eum
1225 1167 1306 1231 banc

81 1254 234 1340 epistolam
248 1252 291 1316 ad
303 1249 512 1315 Maecenatem
525 1251 688 1337 scripsisse,
707 1251 899 1334 Horatioque
913 1250 1057 1314 obtulisse
1070 1273 1180 1314 munus
1193 1252 1307 1337 episto-

117 1423 164 1487 Ab
184 1421 244 1485 tut
260 1418 575 1520 posterioremue]
619 1419 767 1519 Horatius
789 1420 870 1484 enim
892 1442 956 1484 non
977 1433 1044 1484 erat
1066 1441 1105 1483 ex
1126 1391 1308 1520 Mucenatis

85 1508 257 1584 mecm,
280 1524 383 1587 neque
395 1503 487 1568 ulbus
501 1507 647 1569 ordinum
662 1505 759 1572 officn
768 1505 861 1572 causi
874 1506 957 1589 apud
970 1525 1038 1568 eum
1053 1505 1199 1583 haerebat,
1223 1505 1309 1568 idco·

82 1613 140 1692 qne
151 1612 217 1654 eum
229 1591 283 1654 bic
296 1590 405 1653 irridet
418 1589 573 1672 Augustus
586 1604 621 1653 ut
632 1588 813 1660 Maeeeuaus
826 1590 1004 1679 parasitum,
1026 1590 1113 1674 quasi
1128 1591 1156 1654 ei
1170 1603 1248 1654 esset
1261 1611 1309 1655 as-

83 1678 387 1862 ffldncsmupti
448 1757 522 1824 dero
541 1769 594 1861 quet
609 1761 771 1863 succensuit
789 1760 954 1848 quicquum,
967 1759 1206 1859 ‘artemisitiom
1225 1782 1309 1824 suom

80 1843 423 1994 Wlfflin
436 1845 1004 2015 {statutt-tumet?
1016 1845 1310 2014 llulblililslil

81 2015 221 2078 bibendae
243 2014 343 2078 fateor
365 2035 427 2077 non
450 2015 508 2077 nisi
530 2016 699 2078 rarissimas
721 2016 759 2077 iis
780 2017 919 2100 praebere
942 2015 1128 2078 occasiones.
1170 2013 1260 2077 Adeo
1278 2013 1311 2077 in

81 2121 195 2197 paucos
204 2100 354 2176 incidunt,
366 2099 417 2182 qui
431 2099 531 2162 officia
541 2100 646 2183 ampla
656 2113 687 2162 et
696 2100 828 2162 bonores
838 2100 919 2161 ultro
934 2099 991 2159 sibi
1004 2098 1124 2161 oblatos
1135 2100 1310 2162 detrectent

10 2199 11 2206 ¹
123 2184 232 2267 Super
245 2182 531 2246 uduudiuem‘tuom
544 2184 620 2268 jiert‘
631 2180 760 2268 posset]
789 2181 1123 2249 Indicantbaecrerba
1137 2181 1312 2261 Horatium,

85 2267 270 2332 valetudinis
281 2288 342 2330 suae
354 2268 549 2331 excusatione
569 2268 655 2332 illum
670 2270 818 2331 honorem
833 2266 891 2329 sibi
907 2268 946 2329 ab
960 2247 1102 2347 bugusto
1116 2266 1251 2334 oblatum
1266 2288 1316 2330 re·

80 2373 214 2416 cnsasse.
242 2350 315 2415 Jam
324 2352 404 2414 enim
415 2366 625 2431 consenuerat,
638 2354 721 2415 unde
736 2353 827 2416 etiam
840 2353 974 2436 sequitur
985 2351 1044 2414 hoc
1059 2350 1088 2418 ei
1099 2371 1162 2416 non
1176 2350 1313 2414 oblatum

83 2438 172 2501 {abac
185 2449 259 2501 ante
268 2436 384 2500 bellum
396 2436 611 2521 Hispanicum,
625 2450 659 2499 ut
673 2459 766 2522 supra
777 2437 853 2501 dixi.

122 2520 297 2608 salom]
338 2519 425 2584 Idem
436 2534 481 2584 cst
496 2521 669 2606 Septimius,
685 2544 775 2606 quem
790 2523 955 2605 alloquitur
968 2519 1047 2586 Hor.
1069 2520 1131 2584 Od.
1149 2525 1179 2588 6.
1194 2520 1266 2585 Lib.
1281 2521 1314 2584 ii.

86 2628 171 2690 quem
183 2606 295 2670 laudat
306 2604 338 2668 E
361 2652 369 2668 .
386 2610 419 2670 3.
435 2604 506 2667 Lib.
521 2607 541 2668 i.
558 2627 706 2689 quemque
726 2605 855 2669 Tiberio
870 2606 1065 2670 commendat
1083 2605 1145 2691 Ep.
1160 2612 1191 2669 9.
1205 2606 1277 2670 Lib.
1291 2607 1313 2669 t

128 2690 254 2777 Uudqre
267 2699 297 2753 et
339 2691 405 2753 terri
418 2689 595 2754 ttuauuu
608 2689 823 2776 locupluouit]
853 2690 941 2756 Nihil
955 2691 1118 2774 quicquam
1136 2691 1260 2755 memini
1275 2693 1315 2755 ab

87 2773 214 2840 Horatio
226 2777 344 2838 dictum
356 2776 395 2837 de
408 2775 543 2858 Augusti
557 2775 590 2838 in
601 2797 632 2838 se
645 2775 839 2853 liberalitate,
863 2774 946 2857 quod
965 2789 1066 2838 tamen
1082 2775 1232 2840 silentium
1252 2797 1316 2848 nou

88 2873 133 2922 cst
142 2862 182 2923 ab
194 2861 320 2942 ingrato
338 2860 445 2924 animo
458 2860 640 2943 profectum.
682 2859 785 2923 Nemo
800 2861 925 2943 inquam
942 2859 1001 2924 suit
1017 2860 1169 2945 princeps,
1193 2860 1245 2944 qui
1260 2862 1317 2924 ali·

92 2944 198 3025 qaum
212 2965 275 3007 non
289 2943 483 3021 benefecerit,
505 2945 597 3028 pauci
621 2959 722 3010 autem
740 2946 863 3014 fuerunt
880 2944 1013 3025 Augusti
1031 2944 1153 3023 similes,
1177 2946 1228 3028 qui
1251 2967 1317 3009 om·

95 3027 181 3089 nibus
190 3029 247 3091 suis
258 3029 401 3116 subjectis
411 3028 570 3092 beneueit.
610 3030 767 3113 Quorsum
778 3030 872 3110 igitsu
883 3049 941 3112 pro
953 3028 1051 3112 seipso
1064 3030 1189 3093 seorsim
1201 3032 1317 3111 gratias

94 3125 203 3193 ageret,
225 3134 315 3196 quum
329 3126 430 3175 essent
449 3126 585 3195 prototo
604 3115 722 3182 mundo
744 3113 853 3196 gratiae
873 3113 1027 3211 agendae?
1051 3113 1126 3177 Sola
1146 3127 1246 3176 autem
1260 3115 1317 3177 bu·

86 3198 218 3277 ¹iuranodi
230 3198 402 3281 gtutiarutn
416 3199 497 3260 actio
509 3197 643 3279 gloriam
655 3198 804 3282 principis
816 3197 993 3280 ampbficat,
1018 3198 1144 3283 solaque
1164 3198 1259 3280 digna
1272 3214 1318 3263 est

95 3301 159 3363 quae
174 3282 335 3347 limarum
351 3282 738 3370 monumentis-posteritati
753 3282 1008 3346 commendetur?
1030 3280 1139 3365 Itaque
1159 3279 1318 3363 Horatius,

92 3367 148 3449 qui
165 3381 231 3431 erat
245 3366 418 3452 prudentii,
442 3367 519 3430 nibil
531 3366 734 3451 praetermisit,
758 3389 820 3448 quo
834 3366 1055 3430 demonstraret
1071 3366 1233 3452 imperium
1251 3368 1318 3431 uni·
1441 3407 1442 3414 κ

10 3531 11 3534 ¹
89 3452 365 3534 vernn-Augusto
386 3465 547 3535 acceptum
569 3452 705 3515 remlisse
718 3450 893 3516 felicitatem
911 3472 1008 3528 suam,
1029 3473 1127 3534 neque
1145 3467 1317 3536 quenquam
1441 3497 1442 3536 5

10 3569 12 3630 ξ
88 3535 176 3600 fnisse
195 3538 294 3599 ciuem
311 3535 500 3614 Romanum,
521 3536 574 3618 qui
591 3536 620 3599 ei
637 3537 887 3619 tranquillitatem
905 3536 1059 3620 vitamque
1081 3558 1166 3601 suam
1185 3559 1248 3602 non
1266 3540 1319 3603 de·
1441 3566 1442 3660 q

10 3705 12 3808 ἑ
88 3621 324 3854 ffipgelicum
336 3705 489 3770 viderim
507 3703 623 3769 Tiberii
636 3703 818 3792 Dareique]
849 3705 943 3789 Quod
956 3705 1077 3788 quidem
1087 3708 1158 3771 fecit
1169 3705 1231 3771 Od
1242 3713 1275 3773 4.
1288 3721 1320 3773 et
1441 3667 1442 3670 Ἴ

10 3817 12 3908 l
87 3811 546 4044 wzffffimtpqopter
556 3851 614 3951 boc
628 3874 721 3940 trihus
736 3874 994 3940 carminumlibru
1009 3876 1149 3962 erlongo
1162 3853 1318 3943 interuallo
1441 3917 1442 3988 ἶ

129 4031 141 4050 ι
497 3961 594 4028 credit
616 3982 722 4024 omues
743 3960 830 4025 Odas
849 3960 903 4022 lib.
921 3962 962 4023 iv.
984 3963 1023 4024 ab
1038 3959 1171 4024 Horatio
1191 3962 1247 4025 scr‘
1441 3991 1442 4024 t

87 4057 249 4127 postquam
261 4043 323 4106 boc
336 4058 401 4107 erat
413 4045 443 4108 ei
455 4046 497 4108 ab
510 4046 653 4127 Augusto
666 4046 860 4130 imperatum,
874 4066 923 4108 nae
938 4045 963 4108 is
976 4046 1069 4129 longe
1084 4046 1205 4110 errabit.
1298 4047 1320 4110 d
1441 4043 1442 4056 ¹

86 4128 183 4192 sulum
196 4129 274 4192 dicit
289 4127 462 4206 Suetonius,
476 4127 643 4194 Horatium
658 4133 698 4198 ab
712 4131 853 4212 Augusto
867 4143 1007 4193 coactum
1021 4129 1112 4194 fuisse
1126 4143 1268 4213 quartum
1281 4130 1320 4192 li·
1441 4159 1442 4198 t

85 4211 173 4307 brom
188 4214 289 4290 edere,
309 4211 436 4297 illasque
455 4213 551 4292 odas,
570 4237 646 4298 quas
660 4237 700 4278 ex
718 4215 813 4300 ipsius
831 4214 959 4299 imperio
973 4216 1200 4299 composuisset,
1212 4214 1249 4275 iis
1264 4214 1320 4276 ad·
1441 4207 1442 4232 ³

84 4299 508 4447 ffffiulqtffijampridem
516 4299 643 4378 fecisset,
655 4301 785 4363 necdum
796 4299 827 4361 in
839 4300 936 4362 lucem
949 4301 1099 4363 edidisset.
1127 4297 1208 4360 Vide
1218 4295 1252 4360 N
1252 4301 1319 4362 otas

196 4429 204 4446 .
241 4431 249 4445 .
329 4405 394 4448 ‚ru
672 4398 676 4405 ·

125 4464 247 4531 Habitu
259 4467 396 4554 corporis
410 4467 575 4553 uuufitit
588 4479 615 4532 et
629 4467 757 4553 obesus]
797 4466 891 4552 Quod
903 4469 968 4553 ipse
983 4469 1057 4533 dicit
1071 4467 1136 4531 Sat.
1152 4468 1182 4529 3.
1197 4463 1270 4540 Lib.
1284 4466 1315 4536 ii

89 4549 138 4612 nb'r
151 4571 185 4614 se
198 4554 329 4617 affinnat
342 4575 408 4617 esse
423 4567 546 4618 staturas
560 4576 623 4618 non
637 4554 769 4638 amplius
782 4554 944 4638 bipedalis.
