2900 4959
360 259 568 350 nornis
591 274 738 344 vtum
759 274 960 344 nonnus.
1243 296 1273 344 rx

84 425 140 492 Π·
154 425 207 527 ld·
223 415 326 573 9⁰5}
369 423 508 526 H⁰⁰⁰⁸b
527 437 640 490 ⁰⁰i³V0
653 427 719 508 ejus
733 426 844 490 mensis
857 426 916 504 dte,
937 443 1020 492 nnnc
1034 428 1074 491 ab
1088 425 1129 492 U.
1145 425 1185 493 Ο.
1199 431 1275 497 688.

48 515 91 578 t&
102 534 190 575 anms
203 525 281 574 ante
327 525 413 573 atum
428 509 591 578 Cbrnmm.
890 543 894 552 ,

81 595 119 663 L
137 595 235 661 Cotta
247 605 277 659 et
289 594 332 659 L.
349 591 506 680 Torquato
521 594 622 680 Gora]
665 593 798 658 Dicente
811 596 880 681 ipso
893 595 954 664 od,
969 600 1020 664 21,
1033 596 1106 663 Lib,
1120 599 1153 663 ἰῇ

299 720 331 785 0
343 731 413 785 nate
427 741 534 785 mereim
548 721 665 786 consule
678 721 824 787 Manlio!

52 850 85 915 bt
101 850 212 938 Epod.
228 854 280 914 13.
291 870 323 913 ιι.
338 857 370 916 8.

300 977 352 1041 To
364 978 435 1039 rino
454 975 607 1063 Torquato
622 999 701 1042 more
785 957 790 962 ⁵

302 1060 431 1126 Consule
447 1083 551 1146 presso
564 1084 638 1126 meo.

88 1189 221 1260 Destruit
239 1187 279 1255 0.
294 1189 416 1258 Martio
433 1189 595 1252 demortuo
610 1201 638 1254 et
649 1190 690 1254 C.
702 1189 809 1255 drinio
826 1191 918 1257 Gallo
933 1194 1032 1343 Coss}
1076 1198 1169 1261 Anno
1180 1199 1219 1262 ab
1229 1197 1273 1264 U.
1347 1239 1350 1248 .

54 1277 88 1342 0.
101 1284 170 1343 lib.
185 1300 243 1341 sex
258 1277 348 1339 annis
363 1289 433 1340 ante
446 1273 560 1340 Natum
576 1275 743 1339 Christum.
785 1277 880 1341 Errat
897 1279 990 1362 igitur
1034 1283 1182 1361 aesonius,
1204 1285 1274 1346 cium

53 1365 119 1430 dicit
123 1374 197 1452 port
209 1362 307 1462 quinq
374 1361 489 1424 esaum
502 1383 612 1442 nentur
625 1379 745 1425 ornum.
789 1364 840 1425 Ab
854 1379 963 1426 octavo
986 1367 1066 1427 enim
1084 1365 1210 1430 Decem.
1225 1368 1274 1431 die

53 1471 116 1514 ann.
127 1454 201 1514 688.
214 1450 258 1512 ad
269 1468 327 1530 vig
403 1467 454 1507 um
467 1443 625 1530 septimbre
639 1445 722 1509 Nov.
735 1453 808 1510 trs.
823 1469 885 1510 non
900 1462 969 1511 sunt
983 1450 1111 1534 amplius
1126 1453 1274 1536 quinqua-

55 1537 267 1682 p‘bmaseptem
286 1533 363 1596 anni
382 1531 481 1594 minus
500 1531 639 1594 undecim
660 1532 776 1596 dicbus.
819 1532 888 1597 Nisi
911 1534 978 1597 bac
998 1534 1041 1597 sic
1064 1536 1164 1620 potius
1184 1537 1275 1621 culpa
1365 1617 1368 1626 ι

94 1642 173 1682 ram.
1327 1639 1330 1646 ¹

89 1703 215 1768 Herode
223 1699 367 1801 degusto
375 1699 483 1786 patrm
492 1712 670 1787 noncupato,
678 1724 771 1848 prum
782 1714 905 1788 argente
916 1704 1131 1769 invaletudinis
1143 1729 1202 1768 non
1213 1706 1275 1794 sof-

44 1787 141 1872 ficeret
162 1789 205 1852 ad
225 1785 431 1872 megnardus
455 1785 635 1849 Testamenti
644 1794 676 1848 to
697 1786 787 1871 ulos]
831 1788 905 1851 Jure
921 1789 1014 1851 Civili
1038 1805 1107 1853 rata
1126 1793 1275 1854 habentor

51 1872 244 1937 Testamenta
259 1872 332 1935 viri
350 1890 427 1932 voce
442 1871 532 1947 dicta,
555 1871 648 1934 modd
669 1884 795 1935 testator
816 1874 967 1936 baeredem
986 1896 1072 1938 suum
1093 1877 1274 1960 nuncuparit

50 1980 148 2022 coram
163 1965 279 2042 septem
293 1956 428 2020 testibus.
471 1954 632 2018 Justinian.
654 1954 728 2018 lnst.
752 1955 816 2020 Tit
832 1980 863 2022 x.
888 1959 969 2021 Sect.
999 1966 1047 2023 13.
1092 1960 1208 2045 Siquis
1220 1983 1274 2022 aa·

50 2057 98 2107 ten
107 2043 171 2106 rinc
182 2041 302 2128 emptis
315 2040 441 2104 uoluerit
452 2039 528 2103 Jure
548 2039 641 2103 Civili
654 2041 795 2103 ordinare
811 2053 1017 2121 testamentum,
1037 2056 1143 2128 septem
1158 2044 1274 2108 testibus

50 2127 196 2204 addita,
215 2139 243 2190 et
260 2128 315 2189 suci
333 2124 483 2188 voluntate
505 2147 602 2187 coram
623 2124 662 2185 iis
683 2127 866 2207 noneopctti,
880 2127 953 2188 sciat
972 2128 1018 2189 bic
1036 2129 1272 2212 perfectissimum

2 2225 3 2288 l
50 2210 337 2276 memoraturi
354 2209 447 2273 civiti
459 2209 638 2294 firmumque
652 2208 847 2272 coustitutum.

88 2295 130 2359 In
155 2294 290 2358 extremis
309 2293 453 2380 Erqeale'is
469 2294 563 2378 jueta
588 2289 766 2357 Moesiacis
792 2293 960 2380 tumulum]
1013 2293 1175 2358 Habitavit
1196 2295 1274 2358 enim

49 2379 207 2445 llaecenas
217 2379 251 2441 in
265 2380 402 2442 extremis
417 2378 574 2463 Esquiliis,
594 2378 647 2441 ubi
662 2381 823 2465 superbam
839 2381 896 2444 sibi
910 2382 1034 2445 domum
1049 2380 1169 2458 iecerat,
1186 2393 1275 2464 atque

3 2499 5 2608 l
52 2467 181 2616 wasto
191 2547 548 2634 Mamertinorum]
583 2539 764 2612 Decesse‘rat
772 2548 928 2614 Maecenas
940 2553 1047 2614 eodem
1058 2573 1149 2614 anno.
1181 2549 1273 2614 Unde

4 2671 6 2698 ι
51 2652 142 2700 autem
158 2637 275 2699 sactum
290 2648 344 2711 cst,
366 2648 400 2696 ut
415 2633 573 2710 Horatius,
589 2647 738 2717 superstes
753 2636 821 2697 cium
836 2650 922 2713 esset,
937 2636 1012 2699 nibil
1027 2638 1058 2698 in
1074 2637 1191 2720 scriptis
1206 2636 1274 2698 reli-

5 2721 7 2808 ᾗ
52 2723 150 2803 qaerit,
173 2743 236 2804 quo
250 2719 568 2782 testaretur‘dolorem
591 2741 631 2780 ex
654 2717 834 2781 Maecenatis
856 2735 953 2784 morte
971 2721 1173 2804 conceptum?
1195 2719 1273 2782 Mihi

6 2851 7 2884 3
51 2807 165 2887 quidem
178 2805 257 2868 illud
271 2827 335 2867 non
348 2804 469 2866 videtur
482 2803 635 2865 credibile.
679 2802 865 2866 Tantoeum
880 2806 988 2868 affectu
1000 2806 1116 2881 dilexit,
1131 2818 1274 2887 tantaque

50 2890 122 2954 inse
134 2891 244 2953 merka
260 2892 326 2972 eim
343 2902 440 2965 erent,
462 2901 497 2949 ut
518 2875 602 2949 nefas
625 2903 703 2951 esset
720 2889 852 2952 officium
870 2890 996 2972 lugendi
1014 2889 1193 2953 Maecenatis
1211 2890 1274 2950 cui-

48 2975 239 3121 ffltcri
252 2974 420 3057 reliquisse.
462 2971 558 3035 Nullo
576 2987 668 3056 pacto
687 2987 764 3036 esset
781 2976 998 3056 ignoscendum
1016 2976 1095 3037 adeo
1109 2976 1273 3037 inhumano

98 3060 107 3073 ’
167 3059 175 3072 ⁶
228 3059 260 3121 si
269 3061 312 3122 ita
321 3055 438 3121 nefarie
448 3057 584 3138 ingratus
594 3058 707 3136 fuisset,
717 3080 779 3120 non
789 3074 850 3121 tam
861 3060 1041 3122 aestimarem
1051 3061 1173 3143 scripta,
1184 3058 1274 3140 quim

50 3143 146 3226 imum
161 3158 313 3207 auctorem
328 3163 526 3227 aspernarer:
548 3163 656 3225 meque
671 3144 749 3206 adeo
763 3145 922 3228 poeniteret
939 3146 1016 3208 tanti
1035 3144 1178 3227 temporis
1192 3143 1222 3204 in
1237 3161 1275 3204 eo

10 3261 11 3292 ι
51 3228 228 3311 explicando
241 3228 451 3310 vertendoque
462 3226 616 3290 collocati.
660 3225 827 3290 Videamus
849 3251 889 3292 an
911 3230 1037 3291 historia
1059 3229 1145 3290 nobis
1160 3227 1274 3309 aliquid

53 3330 197 3394 suggerat.
212 3314 298 3397 quod
311 3334 382 3375 eum
394 3312 537 3396 expediat
550 3312 705 3375 ierimine
717 3313 826 3375 silentii
838 3314 931 3391 istius,
947 3315 1029 3397 qnod
1041 3314 1163 3396 quidem
1176 3313 1275 3395 primo

53 3409 111 3458 um
124 3414 292 3484 suspectum
303 3411 430 3480 tamque
451 3396 590 3460 odiosum
613 3411 750 3481 apparet.
793 3397 858 3461 Dio
878 3400 917 3461 de
930 3420 968 3461 eo
980 3420 1064 3461 armo
1082 3397 1208 3479 loquens
1223 3395 1275 3480 qui

53 3477 206 3550 {amati
230 3503 389 3582 supremus
412 3481 478 3558 suit,
500 3496 656 3564 enumerat
674 3482 775 3566 primo
793 3484 896 3546 omnia
914 3484 1025 3560 felicia,
1050 3502 1119 3564 quae
1134 3483 1275 3564 Augusto

55 3585 83 3627 eo
95 3590 173 3632 anno
187 3567 418 3650 contigerunt,
441 3564 581 3648 Cirmque
595 3567 828 3630 demonstrbsset
845 3569 961 3652 priores
980 3581 1049 3629 octo
1064 3587 1182 3628 menses
1200 3567 1274 3628 nihil
1317 3573 1320 3578 '

56 3650 197 3735 eipraeter
207 3653 315 3715 felices
329 3663 452 3714 eventus
467 3651 594 3728 dedisse,
620 3651 705 3714 addit
718 3653 809 3715 finem
823 3654 896 3715 anni
910 3673 971 3715 non
986 3651 1177 3736 respondisse
1192 3652 1275 3736 prin·

72 3733 80 3748 ⁸
96 3736 103 3749 ’
121 3787 130 3814 ‚
144 3751 339 3818 mortemque
349 3734 530 3799 Maecenatis
545 3737 707 3820 derepente
722 3737 916 3822 interrupisse
928 3758 1145 3837 prosperorum
1158 3737 1274 3812 seriem,

104 3844 219 3886 nonum
242 3839 339 3903 usque
358 3841 492 3884 mensem
514 3822 732 3885 continuatam.
784 3822 871 3885 Mors
892 3822 987 3904 igitur
1009 3821 1191 3884 Maecenatis
1212 3842 1275 3884 non

58 3903 101 3966 risi
119 3921 190 3990 post
204 3920 351 3971 octavum
372 3920 504 3969 mensem
513 3907 657 3989 contigit.
699 3906 743 3970 At
757 3907 895 3991 quamvis
909 3907 1009 3969 statim
1024 3921 1093 3990 post
1109 3927 1178 3968 eum
1192 3925 1276 3968 men-

58 4006 105 4052 tun
117 4007 263 4055 exactum
275 3990 451 4072 contigisset
464 3989 560 4076 (quod
573 4004 674 4076 tarnen
683 4011 748 4054 non
761 4006 888 4069 constat,
904 3992 973 4054 cuim
986 3990 1050 4054 Dio
1061 4012 1125 4053 non
1137 3991 1276 4072 designet

57 4089 134 4152 φιυῑο
147 4077 198 4140 die
211 4074 407 4224 contigerit}l
419 4076 438 4138 ri
450 4076 511 4139 line
527 4073 671 4140 Octobris
686 4078 726 4139 ad
740 4079 920 4159 vigesimum
936 4098 967 4139 se
990 4077 1097 4138 dmum
1113 4075 1193 4138 diem
1209 4074 1277 4137 No·

58 4161 139 4223 tentb.
162 4183 226 4226 non
249 4160 358 4223 fuisset
408 4160 509 4224 oratio
523 4161 654 4244 spatium
669 4163 774 4246 primis
789 4161 933 4245 lacrymis
949 4099 1168 4242 abstergendis.
1213 4158 1277 4222 lta·

58 4260 103 4321 tte
120 4261 242 4310 constat
263 4266 335 4307 enm
357 4266 420 4308 non
437 4245 493 4308 dia
514 4247 703 4329 superstitem
725 4248 817 4310 fuisse
839 4246 939 4309 amico
963 4265 1029 4308 suo.
1073 4243 1157 4327 Quid
1174 4255 1277 4306 autem

58 4324 124 4390 uliud
136 4331 238 4394 tacere
296 4330 411 4406 tuimet,
432 4352 493 4413 quo
507 4329 619 4392 clarius
631 4331 861 4407 demonstraret,
884 4331 977 4415 quam
991 4329 1189 4392 vehementur
1205 4348 1276 4390 eum

59 4407 203 4479 berane?
259 4436 311 4478 um
325 4414 433 4498 procul
447 4415 543 4477 dubio
557 4415 588 4477 id
602 4418 753 4499 preestitit,
768 4417 852 4499 quod
867 4429 938 4480 ante
958 4414 1076 4496 aliquot
1093 4431 1190 4498 annos
1207 4411 1277 4495 pol-

59 4491 139 4562 idua
150 4515 219 4564 erat
231 4521 327 4584 quum
342 4500 382 4564 ad
392 4497 595 4565 Mecenatem
607 4502 761 4580 scriberet,
775 4501 946 4586 periculoso
961 4501 1070 4565 morbo
1083 4497 1274 4562 laborantem

60 4591 212 4652 swam
224 4595 393 4673 optantem.
