2900 4959
358 763 416 863 Q.
438 763 712 852 HORATII
736 759 966 857 FLACCI

109 1216 113 1221 ³
208 992 1120 1159 netsnonnnun

509 1366 753 1447 LIBER
796 1367 824 1441 1.
901 1396 906 1403 ·

55 1547 175 1635 anc
198 1588 270 1653 pars
284 1565 406 1632 Horatii
421 1568 603 1634 Sennonnm
619 1570 695 1639 alter
709 1572 770 1635 dici
784 1583 892 1656 potest,
907 1568 1064 1634 continens
1084 1569 1236 1654 epistolas,
1251 1569 1284 1633 in

56 1658 164 1737 quibus
188 1655 343 1736 eleganter
365 1668 395 1716 et
416 1656 523 1718 ornat'e
539 1657 661 1738 quidem
677 1657 717 1719 ad
732 1658 847 1719 amicos
862 1655 974 1732 scribit,
989 1668 1128 1720 nontam
1143 1655 1181 1718 de
1196 1656 1285 1718 rebus

58 1739 230 1802 domesticis
252 1752 283 1801 et
301 1738 446 1816 sutilibus,
461 1740 551 1822 quim
567 1742 605 1803 de
619 1741 805 1823 gravissimis
819 1741 996 1827 quibusque,
1011 1739 1137 1837 putide
1151 1741 1285 1804 moribus

56 1824 127 1887 veri
148 1824 259 1887 virtute
273 1823 481 1887 informandis.
511 1823 637 1888 Meritb
660 1827 754 1908 igitur
779 1825 934 1910 Sapienter
954 1823 1110 1909 Eprotolnr
1130 1839 1288 1909 nuncupat

57 1908 207 1991 Scaliger.
251 1906 391 1989 Quodsi
415 1929 536 1987 novum,
560 1924 592 1971 at
615 1911 870 1994 certepulclrrum
894 1924 948 1987 est,
973 1911 1109 1972 versibus
1131 1924 1161 1974 et
1184 1909 1289 1973 stricti
1308 1954 1312 1962 -

57 1995 196 2057 oratione
210 1994 341 2056 scribere
362 1994 510 2075 ejusmodi
525 1994 692 2078 epistolas„
720 1994 803 2059 Hinc
818 1996 927 2058 etenim
943 2008 973 2057 et
986 1996 1086 2076 major
1099 1994 1288 2058 familiaritas

58 2081 90 2142 in
112 2100 184 2142 snos
195 2078 303 2155 elucet,
317 2091 348 2140 et
361 2078 537 2141 nonnullam
553 2079 694 2141 scribenti
708 2078 877 2141 libertatem
893 2092 922 2141 et
933 2079 1137 2140 amoenitatem
1152 2079 1290 2145 tribuunt

58 2163 170 2227 llnsae.
212 2162 262 2226 Ita
275 2163 349 2225 sane
364 2164 506 2246 quaedanr
519 2163 639 2226 facilius
653 2177 841 2243 enarrantur,
856 2177 886 2226 et
900 2183 969 2247 quae
983 2183 1038 2246 per
1052 2183 1082 2224 se
1097 2175 1227 2239 austera,
1236 2165 1289 2244 ju-

58 2249 189 2330 conditis
201 2248 402 2333 excipiuntur.
756 2299 759 2305 ,

57 2333 169 2416 Prima
190 2335 257 2396 haec
280 2332 409 2415 epistola
421 2330 601 2395 Maecenatis
624 2334 746 2395 hortatu
758 2334 871 2418 scripto
885 2332 957 2394 satis
972 2348 1109 2417 apparet,
1124 2331 1289 2414 etquidem

59 2432 153 2480 aetate
162 2418 227 2500 jam
238 2428 391 2517 ‘provecto
416 2419 636 2501 poetd‘nostro.
670 2418 707 2497 ln
721 2419 758 2482 ed
773 2417 1031 2504 reprehenduntur
1045 2418 1181 2481 homines
1195 2416 1292 2479 virtu-

58 2518 121 2566 tem
147 2504 311 2565 bonoribus
325 2522 362 2565 ac
377 2502 489 2571 dividis
503 2504 683 2587 posthabere
698 2502 778 2566 soliti
789 2518 823 2567 et
837 2524 906 2586 qure
916 2502 958 2565 ad
970 2523 1091 2586 corpus,
1106 2502 1197 2602 quim
1220 2522 1292 2586 quse

60 2590 100 2652 ad
124 2588 259 2651 animum
283 2600 428 2672 spectant,
444 2588 539 2650 mnltb
553 2589 713 2651 studiosius
728 2589 921 2672 inquirentes.
963 2586 1027 2650 Jul.
1045 2584 1291 2669 ScabgerPoiit.

59 2674 111 2737 lib.
125 2674 172 2735 vi.
187 2690 361 2757 quanquam
376 2673 468 2735 durus
480 2673 556 2737 aliis
567 2674 743 2756 castigator,
754 2674 905 2738 nitidioris
919 2671 988 2758 stoli
1002 2671 1111 2737 latetur
1122 2692 1186 2736 esse
1200 2670 1294 2758 Epis·

60 2760 149 2823 tolas.
194 2756 314 2835 Prima,
335 2758 442 2841 inquit,
457 2758 559 2843 queris
573 2757 656 2822 melle
670 2758 786 2821 dnluor
800 2771 861 2823 est.-
874 2756 1022 2825 sententie
1034 2758 1188 2843 apponite,
1203 2758 1295 2821 dictio

60 2854 154 2922 emta,
167 2842 308 2920 rotundo,
321 2843 429 2905 moeri.
477 2841 669 2929 Quapropter
683 2842 814 2908 arbitror
830 2854 1009 2929 postremum
1023 2842 1151 2905 omnium
1167 2843 1294 2927 fadum,

104 2928 189 2991 ‘mom
206 2927 337 3012 positam
352 2926 387 2990 ob
402 2925 578 2990 luculentum
592 2928 753 2991 raritatem.
801 2927 904 3015 Quare
918 2926 1006 2990 etiarn
1027 2925 1237 3012 prtolurnrr
1255 2927 1295 2991 li-

117 3035 146 3075 m
162 3006 275 3075 Satiris
282 3012 517 3097 postponendum
530 3033 640 3075 censeo.
683 3012 723 3075 Id
737 3012 819 3099 qnod
832 3013 895 3076 crim
905 3013 938 3075 in
949 3011 1068 3077 mortu
1082 3011 1295 3098 exemplaribus

60 3098 223 3174 eidwmm,
237 3097 334 3161 nescio
393 3097 423 3159 ‘d
437 3095 554 3161 cornilir'
566 3096 600 3159 r‘rr
613 3111 734 3160 ruentem
747 3097 857 3161 venerit
869 3098 918 3175 iis,
933 3097 985 3184 qni
999 3095 1146 3160 inventum
1163 3096 1297 3163 ordinem

60 3183 276 3246 subverterunt.
324 3118 525 3245 qummatiw
539 3180 617 3245 uili!
627 3176 782 3267 infelicius.
832 3181 931 3246 Credo
945 3182 1026 3268 quid
1039 3181 1169 3245 riderent
1182 3204 1296 3247 neroum

60 3267 158 3348 utam,
175 3266 293 3334 summi
303 3267 432 3332 dicende
442 3266 602 3333 camoenlr:
617 3267 783 3353 qaasi'oerd
793 3287 854 3332 non
865 3267 942 3333 donc
955 3267 1052 3354 ipsam
1062 3264 1252 3353 intelligeret.
