2900 4959
498 195 690 267 DAGERII
712 199 966 271 PR‘AEFA'I'IO.
1199 222 1201 230 ’
1287 215 1349 276 9θὸ

102 347 246 498 ghero
259 345 409 409 volueritr
423 349 510 430 cujus
525 349 692 413 admodum
707 352 883 435 imperfecta
898 375 936 417 ex
952 354 1051 439 prisci
1059 354 1172 420 Latini
1181 355 1285 422 Satiri
1295 360 1352 422 lra-

149 433 173 494 ri
188 444 315 516 poterat
329 432 447 510 notitia,
463 434 553 516 quale
568 435 682 497 scilicet
696 436 811 499 faceret
824 460 958 518 carmen,
974 443 1057 523 quod
1073 443 1138 505 sola
1151 442 1273 508 Natura
1287 445 1352 509 dic·

102 519 263 594 timuerat,
279 529 444 599 antequam
466 520 579 601 injecta
601 535 679 583 esset
702 521 856 585 Romanis
880 523 1008 588 Graecos
1023 527 1172 606 imitandi,
1187 537 1353 613 corumque

166 604 215 666 liis
230 601 497 750 seslocupleltqudi,
512 605 670 686 cogitatio.
714 605 768 669 Ex
782 608 997 688 quibussacilb
1012 612 1140 696 intelligi
1155 627 1255 699 potest
1288 616 1353 680 lud

200 689 247 766 tii,
289 688 603 752 at.1.i.ii.v.oa.
817 699 818 704 ’

345 873 357 894 „
572 815 770 905 -Quidl
792 819 857 884 edm
870 819 1062 887 achiabus
1076 846 1165 904 umas

280 899 405 965 Primus
418 901 452 964 ia
464 887 543 968 bunc
556 904 655 1002 operit
668 927 840 992 componere
854 907 987 978 curatas
1000 909 1136 975 moreaul

109 1030 192 1096 Noli
205 1042 312 1115 putare
326 1027 492 1092 Horatium
507 1031 638 1094 voluisse
652 1032 765 1112 dicere,
780 1034 879 1097 nullas
895 1049 966 1098 ante
979 1036 1134 1100 Lucilium
1150 1038 1269 1102 Satiras
1292 1041 1354 1105 tac·

110 1116 274 1180 susacim
302 1113 457 1178 Lucilium
481 1119 693 1202 praecesserint
714 1117 835 1183 Ennius
850 1120 1060 1201 etPacuvius,
1090 1145 1220 1206 quorum
1235 1125 1287 1190 ilie
1301 1148 1355 1196 ex-

113 1200 249 1285 emplum
263 1213 382 1263 secutus
395 1213 450 1263 est.
493 1200 532 1264 ld
546 1203 644 1266 solum
659 1204 766 1283 voluit,
782 1206 937 1269 Lucilium
952 1228 1066 1271 uovam
1080 1208 1190 1272 faciem
1204 1211 1275 1272 buic
1288 1229 1356 1274 car-

116 1287 192 1350 mini
204 1287 343 1364 induisse,
356 1287 440 1369 quod
451 1289 656 1373 perpolivcrit,
669 1305 700 1353 et
710 1305 874 1376 propterea
885 1301 942 1378 pso
951 1295 1054 1377 primo
1066 1295 1153 1377 quasi
1165 1308 1289 1358 auctore
1301 1297 1356 1358 lia·

115 1372 258 1435 bendum.
303 1371 341 1434 lu
364 1373 470 1435 eidem
485 1373 543 1436 suit
565 1375 713 1438 seutentii
728 1377 947 1459 Quintilianus,
961 1378 1016 1442 lib.
1042 1401 1074 1442 u.
1088 1391 1159 1465 cap.
1178 1383 1205 1443 l.
1251 1379 1357 1447 Sotira

109 1456 231 1605 quiden
240 1465 413 1520 orsaorsa
425 1468 476 1536 ert,
487 1459 520 1521 ia
532 1460 719 1545 qudprt'mur
730 1459 1007 1548 iasigrrernlotidern
1019 1464 1143 1550 adeptas
1155 1474 1197 1528 est
1208 1464 1355 1531 Imctit'us.

144 1561 203 1605 eve
216 1541 267 1604 laic
281 1542 409 1626 pedibus
424 1544 457 1605 in
471 1543 652 1608 Gasauboni
665 1550 846 1610 sententiam
861 1570 924 1627 eas,
940 1551 991 1632 qui
1006 1550 1166 1613 Diomedis
1181 1551 1242 1614 fide
1253 1551 1355 1629 fretus,

109 1626 207 1692 Ennii
221 1641 251 1690 et
262 1626 377 1704 Lucilii
392 1627 510 1691 Satiras
523 1645 589 1694 toto
604 1643 715 1714 genere
729 1634 888 1696 dissentire
902 1636 1040 1699 credidit
1063 1623 1146 1699 Vide
1159 1637 1230 1721 ipsa
1244 1636 1357 1702 Gram-

110 1714 227 1777 matica
240 1714 344 1790 verba,
358 1731 428 1796 quae
439 1716 557 1778 subacti
566 1713 892 1799 judicli‘Gritic'umin
904 1739 1037 1784 errorem
1050 1722 1247 1786 induxerunt.
1273 1720 1356 1796 Sati-

109 1817 149 1864 ra
171 1807 214 1862 cot
235 1819 354 1862 carmen
376 1799 460 1897 opud
481 1784 646 1882 Romanos,
661 1826 722 1866 non
745 1805 863 1889 quidem
884 1806 968 1953 <prud
985 1805 1357 1885 (trecassensium

109 1884 156 1948 ad
173 1883 326 1970 carpendo
345 1883 495 1946 manum
515 1886 599 1961 uitio,
623 1887 759 1951 Arriaca
785 1889 884 1953 Come
906 1891 943 1952 iae
968 1891 1134 1956 charactere
1157 1893 1356 1977 compositam,

110 1969 202 2056 quale
225 1968 406 2054 rcriprmurrt
428 1968 576 2049 lucilius,
592 1982 620 2033 et
642 1972 803 2053 Horatius,
820 1986 847 2036 ct
869 1974 1005 2038 Persius.
1051 1976 1113 2038 Sed
1134 1976 1204 2038 olim
1218 1997 1345 2058 carmen,

108 2055 195 2205 prod
214 2077 251 2118 aa
272 2053 365 2118 oanis
384 2054 572 2139 potaculis
595 2056 755 2137 corutahut,
773 2058 878 2123 Satira
901 2058 1062 2136 dicebatur,
1119 2058 1164 2122 alc
1178 2061 1237 2121 scri
1256 2072 1359 2124 seruat

146 2141 266 2204 acaum
289 2149 317 2202 et
339 2138 471 2203 matu.
515 2140 656 2224 Apparet
678 2142 863 2208 Diomedem
878 2144 1066 2226 distinguere
1106 2145 1216 2206 atiram
1262 2146 1356 2225 acilii,

109 2227 158 2288 ab
172 2225 210 2287 eia
224 2245 312 2307 quam
328 2224 449 2310 scripsit
462 2224 584 2290 Ennius
594 2237 627 2287 et
638 2228 803 2296 Pacuvius.
825 2228 975 2292 Ridicula
987 2241 1087 2291 autem
1100 2242 1130 2292 et
1142 2229 1268 2293 omnino
1280 2230 1358 2294 salsa

111 2322 162 2374 est
186 2311 273 2393 hujus
295 2311 496 2374 distinctionis
510 2331 558 2388 ea,
573 2331 665 2392 quam
679 2316 790 2392 reddit,
805 2316 893 2379 ratio.
938 2314 1011 2377 Nou
1024 2315 1096 2377 satis
1123 2314 1359 2398 investigaverat

110 2396 212 2458 homo
235 2396 362 2480 simplex
380 2405 522 2460 naturam
536 2409 566 2458 et
581 2396 733 2478 originem
748 2400 903 2481 utriusque
917 2400 1041 2478 Satirae,
1056 2421 1128 2484 quae
1142 2400 1358 2464 omninocou·

108 2483 279 2544 veniebant
300 2495 364 2545 tam
388 2482 517 2545 materiis
539 2481 631 2564 quim
654 2482 763 2543 sormi.
806 2483 889 2546 Nam
913 2485 990 2546 nihss
1008 2508 1047 2546 eo
1062 2486 1205 2549 attulerat
1215 2486 1358 2552 >Lucilius

104 2579 227 2653 praeter
249 2569 355 2642 nitoris
370 2582 400 2630 et
413 2567 484 2630 salis
505 2566 687 2651 plusculum,
702 2567 734 2628 in
747 2568 866 2628 summis
879 2570 924 2629 rei
946 2567 1031 2630 nullri
1053 2569 1167 2652 insigni
1189 2572 1359 2635 variatione

107 2653 205 2715 sacti.
249 2650 294 2714 Et
317 2671 492 2735 quanquam
512 2669 577 2714 non
591 2653 793 2734 conjunxerat
806 2652 896 2735 plura
910 2673 1052 2714 versuum
1068 2676 1182 2736 genera
1195 2654 1229 2718 in
1251 2655 1360 2720 eodem

106 2737 260 2815 carmine,
276 2737 355 2799 sicut
368 2736 508 2800 Enniust
523 2738 635 2799 fecerat
647 2750 752 2799 tamen
767 2737 886 2800 diversa
910 2738 1058 2817 carmina,
1073 2761 1204 2823 quorum
1227 2740 1290 2804 alia
1312 2741 1360 2805 in·

105 2838 203 2905 tegra
216 2822 365 2885 Versibus
379 2821 586 2901 HexametriS,
602 2823 664 2884 alia
677 2820 832 2900 Iambicis,
849 2823 911 2885 alia
924 2822 1109 2887 Trochaicis
1124 2827 1313 2903 constabant,
1326 2841 1361 2890 ut

108 2909 213 2991 liqna
227 2929 267 2971 ex
282 2909 377 2993 ipsius
392 2908 580 2991 fragmentis.
614 2906 661 2970 Ut
673 2909 770 2970 verbo
784 2908 896 2985 dicam,
912 2910 937 2970 si
949 2908 1122 2972 Lucilianae
1135 2909 1247 2972 Satirae
1259 2911 1360 2974 diver-

107 2995 140 3059 si
157 2995 277 3076 generis
292 2995 333 3057 ab
353 2992 506 3057 Ennianis
521 2993 591 3057 ideo
606 2994 768 3057 censendae
781 2994 850 3071 sint,
866 2994 948 3076 quod
965 2994 1016 3056 ille
1031 2995 1112 3057 hunc
1127 2993 1279 3056 scribendi
1293 3009 1360 3060 arte
1410 3018 1413 3022 ’

104 3080 211 3162 longis
225 3080 424 3165 superaverit,
440 3083 483 3142 uti
494 3080 594 3142 voluit
605 3078 821 3158 casaubonus,
835 3101 1023 3162 consequens
1035 3081 1092 3143 erit
1104 3079 1225 3142 Horatii
1238 3099 1360 3164 quoque

106 3167 236 3230 Batiam
260 3163 462 3229 aLucilianis
478 3165 589 3227 diversi
603 3186 728 3249 prorsus
743 3165 835 3228 fuisse
850 3165 981 3248 generis,
996 3165 1243 3249 quandoquidem
1256 3163 1361 3232 Hora-

106 3254 175 3314 tius
190 3273 253 3314 non
268 3252 368 3313 miuus
381 3252 484 3314 evexit
497 3250 616 3313 Satiras
631 3272 700 3313 suas
716 3271 809 3336 supra
831 3250 987 3315 Lucilium
1002 3251 1092 3334 quim
1108 3250 1159 3311 illc
1175 3270 1244 3311 suas
1268 3269 1362 3338 supra

107 3337 256 3403 Ennium
270 3350 301 3399 ct
313 3335 485 3399 Pacuvium
500 3349 654 3401 evexerat.
699 3335 841 3400 Douaam
858 3359 978 3420 quoque
994 3336 1098 3399 fefellit
1119 3334 1175 3396 iste
1198 3332 1361 3422 Diomedis

106 3424 214 3486 loeus.
259 3417 455 3485 Hocuoneb
479 3422 544 3484 dixi
560 3422 642 3505 quod
657 3443 792 3485 errorem
809 3419 911 3486 levem
927 3436 1079 3486 tantorum
1093 3419 1229 3480 virorum
1252 3433 1361 3487 notare

107 3508 284 3592 gaudeam,
295 3508 352 3580 ¹sed
366 3508 465 3571 solirm
481 3522 514 3571 ut
528 3509 743 3586 demonstrem,
759 3511 872 3591 quanti
895 3531 965 3570 cum
980 3507 1055 3568 cura
1077 3517 1107 3566 et
1121 3504 1241 3568 cautelis
1255 3525 1361 3576 eorum

106 3611 213 3680 opera
226 3594 329 3676 legere
344 3608 493 3679 oporteat,
509 3595 561 3656 ubi
577 3595 616 3656 de
630 3615 663 3655 re
677 3594 781 3677 agitur
795 3595 925 3658 obscuri
940 3592 1015 3656 adeo
1031 3605 1062 3653 et
1076 3589 1210 3672 antiqui.

158 3679 309 3762 Antiquos
323 3679 436 3742 Satires
452 3680 490 3743 ad
506 3679 617 3742 Scenae
631 3702 719 3742 usum
735 3695 803 3743 corn
826 3681 914 3742 ositae
928 3676 1081 3740 Naturam
1096 3675 1272 3759 declaravi3
1293 3678 1361 3764 pla·

104 3783 190 3831 num
206 3763 266 3830 feci
280 3766 351 3828 inde
365 3766 538 3850 exemplum
553 3765 610 3827 sibi
623 3767 784 3850 sumpsisse
796 3704 952 3829 linaium:
967 3761 1040 3825 satis
1052 3762 1183 3845 denique
1198 3765 1361 3829 confirma·

105 3865 182 3914 tum
199 3849 270 3914 dedi
284 3849 380 3914 Ennii
394 3850 586 3936 Pacuviique
601 3851 735 3935 ejusdem
752 3874 815 3914 esse
831 3849 951 3932 generis
966 3870 1035 3911 cum
1060 3847 1170 3912 Satiris
1193 3847 1308 3913 Lucilii
1331 3862 1361 3914 et

106 3936 253 4013 Horatii,
269 3936 353 4021 quod
368 3938 469 4000 tamerr'
483 3959 607 4000 carmen
622 3957 683 3999 non
699 3937 756 3999 nisi
770 3939 809 4000 ab
823 3935 954 4000 Horatio
967 3934 1008 3997 ad
1020 3955 1193 4019 supremum
1206 3933 1360 4016 fastigium

106 4019 298 4109 perductum
312 4035 365 4084 est.
402 4021 474 4084 Jam
487 4024 527 4085 ad
540 4022 666 4086 alterum
681 4022 793 4086 Satirae
805 4044 911 4104 genus,
924 4020 1006 4104 quod
1020 4021 1121 4105 recepi
1133 4020 1360 4104 exponendum,

106 4106 204 4191 quod
219 4121 250 4179 et
271 4108 373 4191 ipsum
388 4127 508 4192 quoque
523 4107 563 4171 ab
578 4107 705 4191 antiqui
720 4109 870 4191 originem
886 4107 985 4184 duxit,
999 4119 1118 4191 tempus
1133 4120 1177 4168 est
1192 4105 1359 4169 accedere:

105 4213 154 4258 ea
179 4205 223 4255 est
247 4211 317 4276 quae
341 4192 513 4278 appellatur
539 4192 645 4256 Sotira
673 4193 871 4256 Varroniano
885 4192 935 4256 vel
948 4190 1130 4277 Mamppeu,
1147 4189 1229 4273 quod
1243 4187 1360 4276 primus

107 4281 183 4362 ejus
208 4291 316 4342 auctor
338 4292 417 4341 esset
438 4277 541 4342 Varro
563 4277 778 4342 Romanorum
798 4279 999 4356 doctissimus,
1015 4277 1157 4363 qubdque
1172 4278 1204 4339 iu
1219 4296 1255 4336 co
1268 4293 1360 4359 opero

106 4363 261 4449 Henippi
278 4363 475 4443 Gadarensis,
490 4363 674 4449 Philosophi
690 4365 814 4448 Cynici,
830 4386 928 4428 mores
943 4364 1076 4428 imitatus
1091 4376 1177 4428 esset.

161 4445 230 4511 Nec
245 4449 311 4514 soli
322 4449 492 4513 carminum
505 4450 651 4512 varietate
665 4452 756 4514 mista
767 4466 812 4515 cst
823 4452 880 4514 ista
893 4451 1014 4515 Satira:
1030 4471 1101 4513 nam
1114 4446 1216 4509 Varro
1228 4444 1255 4507 ei
1268 4444 1360 4509 inter·

106 4550 266 4630 putruerat
275 4555 411 4708 &osam
436 4535 616 4614 orationem,
650 4539 804 4601 romiscuo
819 4538 909 4602 etiam
925 4559 981 4600 usu
1005 4533 1109 4598 Graeci
1124 4546 1154 4594 et
1168 4531 1272 4598 Latini
1288 4529 1360 4596 Ser·

107 4639 231 4690 motus.
328 4621 485 4717 iutiliamrs
499 4622 538 4687 de
553 4621 632 4687 Luci
647 4623 667 4686 'i
683 4624 786 4754 Saqlra
807 4625 926 4688 locutus
950 4621 1045 4699 addit,
1060 4617 1197 4682 Alterum
1221 4615 1299 4680 iisd
1320 4624 1361 4684 ert
