2900 4959
446 177 450 186 .
520 83 713 156 nicaen
734 82 989 155 musmo.
1031 129 1034 134 ,
1311 92 1373 159 aa

125 229 208 308 baut
216 235 352 336 pulchri,
360 233 437 299 nihil
449 236 559 315 ornati,
569 249 602 302 at
615 237 642 300 si
652 236 721 301 illas
734 240 912 323 aperuisses,
922 237 1057 301 omnium
1070 233 1374 304 DeorumDearunt·
1412 291 1419 322 ,

205 321 369 406 imagines,
392 322 567 385 detexisses.
610 322 663 385 Ad
677 343 747 386 eum
770 325 895 387 modum
911 345 942 386 se
955 324 1046 387 nobis
1068 325 1238 388 exhibetin
1265 324 1374 390 Satiris

124 345 296 486 metim,
310 407 387 471 nihil
399 428 547 490 ntupum
561 428 628 492 pree
651 428 683 471 se
698 403 765 485 sert,
777 411 862 493 quod
884 430 940 472 nos
953 409 1089 473 detinere
1102 412 1234 474 debeat:
1248 410 1374 495 dignior

124 495 253 560 videtur
266 514 341 570 esse,
353 493 405 575 qui
441 492 520 556 ueris
534 505 659 571 teramr,
672 505 764 594 quatu
779 494 833 576 qai
847 494 930 558 viros
945 508 1112 642 occupatos
1123 508 1244 560 teneat:
1258 497 1312 560 sed
1326 516 1374 561 se·
1427 551 1432 554 .

124 581 233 667 posito
246 578 326 655 velo,
341 591 373 640 et
420 579 520 642 oratio
544 578 671 663 propius
685 592 833 664 inspecto,
848 580 985 644 omnium
1000 581 1021 642 il
1035 581 1084 644 'co
1107 580 1260 645 Diuorum
1275 583 1373 647 oculis

125 688 163 732 se
177 666 323 748 ingerunt
335 663 498 748 imagines,
513 663 573 728 hoc
586 678 640 742 est,
656 686 762 729 omnes
775 666 910 745 virtutes,
926 666 967 729 ad
1002 687 1058 730 uas
1072 666 1194 730 assidue
1209 668 1374 731 exercendi

126 765 212 830 sunt,
223 751 277 835 qni
290 749 373 811 vitiis
385 750 446 813 suis
457 749 649 833 corrigendis
658 749 738 813 serid
750 751 880 815 student.
911 749 960 815 Oc
994 752 1020 814 is
1030 752 1141 852 parium
1153 753 1275 816 intentis
1286 753 1374 816 illum

128 837 301 922 adspexere
315 835 448 900 autehroe
461 835 626 916 mortales3
643 856 743 920 neque
764 856 889 920 possum
912 857 975 901 non
997 838 1103 901 muari
1118 837 1236 902 Satires
1258 860 1315 924 per
1327 852 1375 903 tot

129 922 237 986 secde
249 921 355 998 lectas,
369 932 462 1021 atque
480 920 617 1000 relectas,
633 921 741 1008 paucis
764 922 929 985 mnodum
944 921 1035 986 fuisse
1057 922 1237 1003 intellectas,
1252 936 1306 987 aut
1318 943 1374 988 ex·

132 1007 272 1093 plicatas.
316 1005 524 1072 Substrteraut
544 1007 578 1070 in
601 1007 668 1092 ipso
690 1007 816 1086 cortice,
831 1009 993 1091 verbisque
1007 1009 1242 1094 interpretandis
1255 1009 1373 1090 intenti,

133 1093 213 1156 nihil
234 1092 313 1156 ultra
324 1091 461 1176 petiere:
476 1093 559 1196 qnod
574 1093 697 1176 quidem
710 1093 849 1157 fecerunt
861 1107 895 1156 ut
910 1091 1125 1158 Grammaticis
1146 1109 1293 1179 parerat,
1309 1117 1374 1160 uon

135 1191 172 1240 ut
181 1176 394 1262 Philosophiss
407 1177 502 1262 plane
514 1178 602 1262 quasi
614 1179 783 1264 scripsisset
795 1176 945 1242 Horatius
959 1179 1057 1242 solium
1072 1192 1106 1243 ut
1118 1181 1281 1244 verborum
1299 1201 1374 1244 con·

133 1265 345 1326 struendarum
374 1262 524 1328 rationem
550 1264 734 1343 videremus,
757 1263 948 1348 dedissetque
960 1281 962 1286 ·
974 1265 1064 1328 nobis
1092 1264 1204 1329 librum
1232 1266 1316 1328 boris
1340 1267 1375 1330 in

132 1347 249 1413 Schola
261 1348 414 1427 fallendis,
426 1370 490 1413 nou
504 1349 615 1414 animis
629 1349 669 1414 ad
684 1349 827 1413 virtum
841 1350 1019 1413 formandis.
1062 1347 1195 1413 Prorsus
1215 1350 1299 1414 aliud
1313 1350 1373 1416 sibi

129 1434 164 1500 in
175 1434 235 1497 hoc
250 1456 343 1518 opere
354 1448 556 1520 proposuerat
569 1431 682 1498 Poeta.
704 1431 738 1498 N
739 1449 850 1528 qque
863 1435 934 1498 linis
946 1436 1111 1499 verborum
1125 1450 1172 1499 est
1184 1437 1275 1516 actio,
1287 1438 1373 1519 cujus

129 1519 222 1584 etiam
235 1519 338 1621 pretii
348 1522 443 1584 verba
454 1521 522 1606 ipsa
532 1520 654 1585 fuerunt
664 1534 797 1604 reperta,
810 1542 880 1605 quae
891 1521 951 1584 nisi
960 1520 1046 1585 illum
1059 1537 1257 1605 assequantur
1268 1523 1372 1602 linem,

130 1604 207 1669 nihil
216 1606 276 1669 n1si
284 1605 385 1668 sutiles
394 1606 480 1669 soni:
497 1627 586 1670 aures
595 1607 718 1691 quidem
728 1607 849 1685 feriunt,
859 1607 900 1671 ad
909 1608 1044 1670 animum
1054 1607 1128 1670 verb
1138 1630 1201 1672 non
1210 1608 1372 1693 pertinent.

171 1690 297 1755 Docere
311 1713 367 1755 nos
381 1692 479 1755 voluit
492 1691 643 1758 Horatius
655 1693 688 1756 in
702 1694 750 1756 his
765 1693 886 1772 Satiris,
898 1708 1006 1757 contra
1020 1692 1096 1758 vitia
1110 1708 1216 1758 nostra
1229 1694 1372 1774 militare,

129 1777 256 1842 affectus
280 1792 460 1863 temperare,
484 1794 626 1842 nannum
641 1778 673 1842 iu
695 1780 915 1865 cupiditatibus
937 1779 1134 1844 moderandis
1152 1781 1260 1844 ducem
1275 1782 1371 1863 sequi,

128 1885 234 1927 verum
250 1863 370 1941 issalso,
385 1878 416 1927 et
440 1863 565 1929 irebus
588 1864 663 1949 ipsis
686 1886 787 1928 rerum
811 1865 926 1949 species
949 1865 1131 1943 discernere,
1153 1867 1372 1950 praejudicatas

71 2019 75 2028 ,
128 1952 243 2014 temere
259 1950 419 2034 opiniones
434 1951 576 2032 abjicere,
590 1949 745 2035 principia
766 1963 797 2014 et
810 1943 918 2013 causas
932 1950 1089 2012 actionum
1112 1965 1282 2014 nostrarum
1302 1971 1371 2036 per·

128 2049 250 2119 spectas
260 2037 382 2113 habere,
395 2035 557 2100 ridiculam
569 2035 700 2118 denique
711 2056 818 2098 eorum
830 2034 1031 2119 pertinaciam
1045 2037 1170 2112 evitare,
1186 2036 1248 2117 qui,
1260 2038 1371 2118 quibos

131 2120 341 2269 qffiagiptqllis
356 2122 421 2221 suis
432 2121 750 2269 opinioplibusimbuti
762 2120 841 2268 olirq
851 2119 982 2268 ingram,
989 2119 1031 2267 tiiis
1043 2113 1197 2183 obstinate
1209 2119 1370 2266 ilqrgraerent,

201 2228 220 2267 a
262 2229 282 2269 a
301 2223 343 2269 sta
364 2221 484 2271 monne
520 2228 551 2269 us
574 2226 610 2269 us
631 2219 802 2269 mmmmm
835 2226 877 2269 uu
900 2226 989 2269 amen
1013 2226 1048 2268 s:
1072 2225 1135 2269 uno
1157 2225 1212 2266 ver
1278 2226 1310 2268 m
1331 2227 1371 2269 eo

133 2290 310 2370 elaboravit,
324 2306 358 2355 ut
370 2313 427 2356 nos
442 2229 530 2355 nobis
545 2291 657 2370 felices,
672 2291 779 2356 amicis
798 2291 955 2375 jucundos
968 2303 999 2353 et
1012 2290 1130 2368 fideles,
1143 2251 1285 2353 omnibuis
1303 2291 1371 2374 qui-

132 2376 257 2439 buscum
272 2378 411 2456 vivimus,
426 2378 617 2456 commodos,
631 2377 731 2456 utiles,
743 2393 774 2441 et
784 2378 936 2459 benignos
950 2390 1119 2461 praestaret.

171 2460 368 2547 interpretari
390 2465 535 2528 Auctoris
558 2466 663 2542 verba,
677 2464 709 2527 iu
723 2460 863 2550 Figurae
887 2462 1018 2545 digitum
1041 2461 1208 2540 intendere,
1223 2460 1370 2528 lectores

126 2549 346 2634 perorationis
360 2550 507 2614 involute
530 2549 736 2632 labyrinthos,
750 2562 804 2612 aut
816 2549 1032 2634 parentheseos
1056 2550 1197 2613 obscuras
1220 2551 1370 2628 tenebras,

126 2635 251 2711 ducere,
270 2635 339 2698 haec
363 2636 469 2699 omnia
493 2635 569 2698 nihil
592 2634 740 2698 eximium
763 2634 887 2713 habent,
911 2655 967 2697 uec
992 2649 1024 2698 ut
1046 2634 1180 2719 loquitur
1203 2631 1371 2720 Epictetus,

124 2720 297 2804 quidquam
312 2721 434 2806 pulchri
449 2730 502 2784 adt
516 2743 550 2783 sa
571 2724 652 2784 iente
666 2720 806 2803 dignum.
849 2719 902 2785 Ad
913 2720 972 2783 hoc
984 2721 1074 2784 nobis
1086 2721 1284 2784 annitendum
1307 2734 1371 2800 est3
1417 2731 1421 2738 '

125 2806 186 2870 hoc
201 2830 221 2869 o
293 2820 431 2870 nostrum
446 2821 491 2870 est
504 2742 700 2891 palmarium,
722 2826 810 2869 usum
826 2818 857 2869 et
870 2806 1002 2869 rationes
1016 2806 1126 2868 horum
1144 2826 1247 2889 praece
1268 2819 1370 2868 torem

127 2906 212 2956 osten
234 2914 298 2969 ere,
311 2891 480 2975 eademque
504 2891 737 2955 auctoritatibus
759 2891 877 2968 fulcire,
892 2904 927 2954 ut
948 2889 1052 2975 palam
1075 2890 1216 2954 omuibus
1238 2827 1302 2968 dat,
1317 2910 1370 2954 eos

124 2979 177 3062 qni
191 2989 291 3042 'rnores
303 2999 376 3042 suos
385 2978 493 3041 adhoc
503 2978 638 3042 seculum
648 2998 835 3063 componere
843 2976 1016 3060 negligunt,
1026 2977 1115 3062 paria
1124 2976 1223 3040 facere
1300 2976 1368 3055 otis,

122 3066 178 3147 qui
192 3064 298 3141 libros,
308 3064 362 3127 ubi
374 3064 512 3127 remedia
525 3064 639 3127 morbis
652 3063 714 3126 suis
727 3062 978 3147 praescribuntur,
991 3061 1095 3146 legere
1108 3059 1254 3138 contenti,
1303 3061 1370 3124 edi·

122 3150 153 3214 ci
162 3149 297 3213 consilio
307 3163 426 3215 tantum
437 3151 565 3214 abestut
573 3162 708 3227 utantur,
719 3163 753 3214 ut
761 3170 800 3213 ue
809 3147 984 3231 intelligant
991 3148 1115 3232 quidem
1125 3147 1189 3228 ejus
1198 3141 1368 3208 utilitatem.

164 3233 244 3300 Non
259 3235 343 3320 qubd
366 3257 427 3319 ego
442 3237 474 3298 in
488 3235 714 3299 commentariis
729 3234 804 3298 meis
818 3234 983 3318 quicquam
998 3234 1096 3296 sciens
1113 3231 1219 3296 volens
1242 3243 1370 3314 praeter·

122 3321 272 3399 miserim,
285 3323 371 3405 quod
381 3321 422 3386 ad
438 3319 641 3385 Grammatici
656 3320 790 3384 officium
805 3320 965 3405 pertineat
989 3318 1012 3381 S
1053 3337 1089 3381 ro
1102 3316 1135 3379 id
1150 3335 1290 3378 sensuros
1304 3334 1370 3380 esse

121 3405 283 3485 lectores,
295 3428 394 3491 neque
402 3410 471 3491 jam
486 3407 581 3471 ullam
595 3405 819 3491 supersuturam
835 3406 868 3468 iu
882 3405 983 3468 verbis
1032 3401 1123 3465 oratii
1137 3398 1369 3470 difficultatem:

122 3514 160 3556 ec
172 3493 208 3556 in
222 3493 304 3557 hanc
318 3515 425 3558 curam
439 3493 597 3578 praecipue
612 3492 749 3569 incubui,
763 3507 797 3554 ut
811 3503 1003 3573 argumenta,
1015 3509 1086 3570 quae
1101 3498 1221 3564 tractat,
1236 3485 1370 3551 illustra-

119 3598 211 3656 rem3
225 3578 391 3657 rationum,
404 3600 481 3663 quas
496 3579 632 3656 adhibet,
645 3577 828 3642 soliditatem
843 3575 1059 3658 indigitarem3
1073 3585 1106 3634 ut
1117 3572 1294 3657 expedirem
1309 3573 1370 3636 cir·

122 3665 228 3727 cuitus
241 3678 272 3726 et
286 3666 444 3748 ambages,
458 3686 514 3750 per
528 3685 604 3748 quas
618 3685 840 3748 nonnunquam
855 3661 969 3724 incedit
982 3659 1022 3721 ad
1047 3657 1164 3758 placita
1177 3679 1233 3721 sna
1257 3659 1370 3723 confir·

121 3750 250 3826 manda,
262 3764 293 3813 et
304 3752 345 3814 ad
356 3752 511 3815 conneria
522 3750 693 3829 refutanda,
705 3749 755 3813 vel
768 3747 938 3812 eludenda:
952 3758 986 3808 ut
996 3757 1155 3807 veritatem
1168 3746 1369 3810 assertionum

121 3829 220 3919 ipsius
235 3836 422 3915 stabilirem3
444 3850 479 3899 ut
491 3835 645 3900 vafritiem
657 3837 732 3918 ejus,
748 3835 800 3897 ubi
815 3830 903 3916 quasi
926 3852 965 3893 ex
980 3829 1098 3893 insidiis
1112 3830 1189 3912 agit,
1203 3849 1274 3913 quae
1288 3828 1369 3893 Lec-

123 3934 222 3986 torem
238 3921 413 4005 imperitum
428 3921 519 3988 facile
534 3922 643 4004 fugiat,
658 3921 756 3985 oculis
769 3937 974 4003 exponerem3
989 3929 1022 3978 ut
1035 3916 1169 3999 denique
1183 3915 1215 3978 in
1231 3937 1249 3978 a
1272 3915 1368 3978 ricum

145 4006 294 4070 referrem
305 4005 469 4070 ridiculum
479 4005 566 4086 illud,
576 4007 659 4089 quod
668 4007 701 4069 iu
710 4004 853 4068 omnibus
862 4023 967 4085 queso
990 4015 1110 4086 pugnat
1119 4003 1238 4065 rebusa
1260 3999 1367 4062 hibuit.

123 4026 206 4156 llaec
220 4105 292 4155 sunt
306 4113 377 4176 quae
390 4091 463 4154 lecit
476 4106 546 4156 ante
561 4114 609 4155 me
624 4113 723 4155 nemo.
746 4088 776 4151 N
780 4111 829 4152 am
844 4101 937 4151 otest
985 4087 1101 4150 oratius
1115 4107 1204 4149 verus
1226 4083 1366 4162 Proteus,

123 4191 209 4264 saepq
222 4177 338 4241 formas
352 4177 512 4252 variando,
525 4179 702 4263 interpretes
717 4196 788 4239 suos
804 4195 885 4259 saepe
900 4172 1017 4257 effugit,
1032 4173 1084 4256 qui
1099 4172 1170 4235 caim
1185 4170 1195 4232 i
1218 4188 1282 4230 sum
1298 4189 1368 4254 rep-

123 4263 292 4328 rehendere
306 4263 477 4347 nequirent,
492 4277 645 4347 stupentes
668 4262 813 4338 fecerunt,
827 4259 912 4343 quod
931 4271 1104 4344 potuerunt
1228 4266 1316 4316 erum
1337 4255 1367 4318 ei

124 4349 335 4434 saepmnmerb
350 4369 471 4412 sensum
485 4369 548 4411 nou
564 4349 661 4411 solini
677 4347 841 4423 diversum,
857 4345 1016 4409 sedetiam
1031 4344 1204 4416 adversum,
1216 4359 1367 4422 quemque

49 4435 52 4444 ’
125 4430 190 4529 ipse
203 4456 244 4498 eo
255 4435 328 4500 luco
340 4433 478 4499 refellere
491 4433 597 4497 voluit.
632 4432 706 4496 Non
720 4431 804 4515 quid
820 4454 880 4514 ego
895 4434 1058 4515 quicquam
1073 4427 1242 4490 detractum
1257 4426 1300 4489 eis
1314 4446 1366 4488 ve·

124 4514 190 4599 hm,
203 4521 257 4604 qui
279 4535 349 4587 ante
369 4499 419 4590 mh
439 4515 573 4586 lloratio
592 4503 775 4651 illustraqqp
789 4517 1028 4622 laborem-suum
1042 4510 1258 4582 coutulerunt:
1272 4509 1366 4576 laudo
