2900 4959
106 196 167 257 306
291 195 297 208 “
428 183 682 253 naonuu
703 180 956 252 Panemo.

105 345 132 400 et
145 334 234 422 prius
249 334 361 402 Satires
397 357 477 413 enus,
491 334 574 433 qnod
585 356 646 398 nost
659 331 754 396 subn
767 331 929 397 cuminum
942 330 1085 403 comate
1098 330 1216 395 mistum
1234 334 1346 400 conffl-

105 420 149 484 dit
168 419 325 484 Terentius
376 443 458 498 arro,
469 442 516 482 mr
529 419 734 483 Romanormn
747 417 959 479 entdits'ssimus
967 440 980 494 ,·
995 418 1081 500 cujus
1095 416 1156 482 loci
1170 417 1259 482 unica
1271 419 1345 483 dif-

100 506 225 576 ficultas
239 507 323 585 inno
337 505 436 592 posita
450 518 503 579 est,
516 504 600 587 quid
615 505 746 565 affirmat
760 500 967 581 Quintilianus
979 502 1059 564 banc
1071 500 1206 565 Satiram
1219 501 1345 568 Varro·

103 592 228 656 monam
251 591 342 654 fuisse
354 591 497 672 priorem.
542 586 615 670 Quo
637 587 717 649 enim
741 600 833 669 pacto
854 585 930 647 illud
952 587 1019 648 fieri
1033 586 1141 670 potuit,
1156 586 1226 650 crim
1246 598 1344 653 atate

103 677 201 742 multo
271 676 363 739 terior
377 672 501 736 Lucilio
514 672 605 735 suerit
615 670 745 756 Varro?
758 671 802 733 At
815 669 949 734 Satiram
964 669 1115 734 Varronis
1129 685 1266 756 tempore
1274 674 1343 759 pri·

103 782 187 828 orem
223 762 309 835 uisse,
333 779 372 821 ea
385 779 459 821 vero
481 777 544 824 non
566 768 612 819 est
625 755 810 837 Quintiliani
833 776 928 832 mens,
944 755 1058 840 quippe
1071 755 1124 838 qui
1137 759 1235 841 probe
1248 759 1343 823 sciret

16 905 22 916 .
101 868 170 911 eam
184 843 285 908 multis
300 843 389 907 annis
402 843 493 907 finisse
507 842 720 905 recentiorem:
743 840 779 903 ld
795 840 902 917 voluit,
917 839 1052 904 Sotiram
1066 840 1146 905 banc
1159 840 1203 905 ita
1215 844 1341 909 mistam

100 930 199 1079 gregis
210 929 412 1076 copspositam
426 927 544 1078 esseqtql
555 924 855 1075 inillietriimldiii
868 924 973 1073 qqiiiq¹
978 924 1160 1074 {iiiiii
1171 928 1268 1075 mvulta
1278 929 1340 994 sibi

75 1130 80 1140 ·
123 1028 560 1164 clilihiloridliilsnleiilaatnirodie
574 1033 792 1162 dithaerroiii
802 1032 920 1174 Satiris,
936 1033 1047 1180 pristes
1060 1033 1338 1182 fragmieminddg·

99 1184 182 1263 dam,
197 1206 294 1269 eaque
315 1186 483 1249 maximam
507 1185 540 1247 in
553 1195 671 1269 partem
685 1181 924 1267 corruptissima,
936 1181 1109 1264 titulosque,
1125 1203 1253 1266 quorum
1266 1184 1338 1269 plu·

46 1285 48 1292 “
99 1269 169 1333 rind
193 1284 264 1350 sunt
285 1271 329 1334 du
350 1270 434 1352 lices,
449 1270 501 1355 qui
524 1268 640 1348 indicio
663 1282 742 1346 sunt,
757 1280 874 1352 quanta
895 1279 973 1332 esset
985 1267 1115 1332 varietas
1129 1270 1337 1348 materiarum,

99 1376 175 1439 quas
189 1353 293 1420 Varro
307 1293 372 1419 ilia
383 1367 577 1438 tracmverat
936 1357 951 1385 ⁸

142 1440 270 1505 Senecae
283 1441 571 1527 Apocolocyntosis,
586 1440 691 1505 Boitii
706 1441 746 1504 de
760 1440 980 1506 Consolatione
992 1437 1203 1522 Philosopbiae
1209 1438 1339 1518 libellus,

97 1538 129 1591 et
150 1525 291 1594 Petronii
312 1527 431 1590 Arbitri
455 1525 619 1609 Satyricon
633 1539 703 1589 sunt
717 1526 830 1590 Satira
844 1524 1046 1589 Vennonianis
1069 1525 1195 1588 omnino
1211 1526 1335 1589 similes.

140 1609 222 1675 Haec
245 1612 340 1675 habui
359 1610 401 1674 'de
424 1611 534 1674 Satiris
556 1611 589 1673 in
610 1625 724 1694 genere
748 1611 897 1675 dicenda:
919 1610 1010 1694 plura
1031 1609 1063 1671 in
1079 1609 1138 1671 boc
1152 1624 1336 1691 argumento

97 1695 244 1762 disserere
267 1716 490 1780 supervacuum
513 1707 601 1759 esset
654 1695 692 1760 In
715 1695 794 1760 notis
817 1695 927 1758 nostris
953 1693 1145 1758 commodior
1166 1695 1225 1757 erit
1247 1693 1335 1759 locus

14 1817 17 1824 f
96 1777 340 1848 Horationarum
364 1780 408 1844 Sa
443 1802 546 1844 rarum
559 1794 700 1846 astruam
714 1779 890 1845 enarrandi.
928 1778 1050 1842 Interea
1063 1778 1140 1842 illud
1153 1778 1244 1843 velim
1266 1781 1335 1844 ani-

96 1865 270 1928 madvertat
283 1864 408 1945 lector,
471 1867 566 1930 tinum
582 1864 779 1931 Vocabulum
794 1865 906 1929 Satine
917 1878 980 1928 tam
994 1864 1156 1946 designare
1170 1862 1335 1930 Sermones

24 2013 28 2016 Α
96 1950 150 2033 qui
166 1948 317 2013 Virtutem
340 1951 564 2030 commendent,
580 1953 672 2038 quim
696 1953 749 2034 qui
767 1952 843 2015 vitia
857 1952 1048 2014 insectennu.
1085 1948 1223 2013 Omnino
1246 1950 1336 2015 aliter

98 2056 131 2099 se
145 2055 192 2098 res
207 2037 299 2100 habet
314 2034 346 2100 in
360 2036 468 2121 lingui
481 2036 594 2116 nostri,
606 2038 659 2101 ubi
671 2037 719 2101 vel
732 2058 844 2100 nomen
856 2037 954 2122 ipsum
966 2032 1078 2097 Satira
1089 2047 1236 2099 terrorem
1247 2037 1334 2102 iocu-

18 2123 19 2126 ’
96 2121 134 2182 tit
156 2120 225 2199 illis,
241 2123 294 2205 qui
317 2143 349 2185 se
372 2122 516 2187 simulant
538 2123 571 2186 id
592 2145 657 2186 esse
680 2124 764 2206 quod
779 2144 841 2185 non
864 2135 951 2198 sunt3
966 2119 1048 2203 apud
1062 2141 1117 2185 nos
1130 2120 1212 2184 enim
1227 2123 1333 2187 audito

96 2205 211 2270 Satirae
224 2208 349 2271 nomine
363 2207 525 2272 roncinum
545 2208 734 2291 intelligitur.
777 2205 897 2286 Eadem
912 2218 1014 2267 tamen
1027 2206 1189 2288 utrobique
1202 2228 1263 2270 vox
1278 2223 1333 2272 est.

96 2291 160 2356 Sed
183 2290 290 2356 Latini
312 2292 492 2377 plerumque
512 2293 545 2355 io
557 2293 705 2356 librorum
721 2290 814 2355 titulis
829 2303 1026 2374 respexerrmt
1039 2291 1124 2353 vocis
1137 2291 1232 2375 ipsius
1245 2305 1334 2358 natu·
1374 2309 1377 2318 ’

95 2398 173 2456 raro,
188 2391 218 2441 et
231 2379 382 2460 integram
398 2376 663 2460 significationem,
678 2396 770 2457 quam
785 2375 877 2438 babet
890 2396 930 2437 ex
949 2376 1148 2458 etymologia,
1163 2378 1233 2440 sirm
1249 2377 1334 2444 Galli

95 2462 413 2610 {esliifflp‘imiii}
421 2460 698 2606 ettgrueqqqqrtiorem
713 2459 799 2522 vocis
812 2481 910 2538 mum,
925 2461 1121 2544 tributaejam
1135 2462 1205 2525 inde
1219 2464 1259 2538 ab
1273 2464 1335 2528 ini-

120 2569 139 2609 o
177 2567 205 2608 tc
235 2568 288 2607 rus
302 2560 363 2608 eto
413 2565 449 2607 ec
506 2567 557 2606 om
581 2564 625 2606 us.

138 2627 312 2690 Scribenda
325 2641 426 2690 autem
441 2648 478 2690 ea
491 2648 555 2690 vox
569 2626 683 2691 Latini
697 2650 785 2713 pern
798 2629 847 2692 vel
861 2654 916 2716 per
928 2631 951 2709 i,
968 2629 1090 2695 Gallici
1104 2653 1159 2716 per
1170 2631 1333 2716 isimplex.

96 2712 161 2796 Qui
173 2731 277 2859 pequ
308 2711 469 2812 ripserunt,
485 2712 506 2774 ii
519 2731 589 2775 cnm
606 2712 775 2799 Scaligero,
790 2712 929 2793 Heinsio,
944 2715 1106 2799 multisque
1117 2717 1183 2780 aliis
1194 2718 1334 2783 credide·

94 2809 176 2875 runt,
190 2818 250 2876 en·
277 2797 430 2861 ommibus
449 2796 595 2875 Rusticis,
610 2819 687 2880 quos
703 2798 809 2863 Graeci
826 2800 1086 2883 {aungomani
1105 2801 1238 2880 Faunos,
1253 2824 1334 2869 nnn·

95 2883 261 2968 cupabant,
273 2882 397 2947 nomine
408 2883 492 2947 dicta
503 2883 593 2947 tuisse
604 2884 753 2966 ejusmodi
766 2889 921 2969 po'e‘mata,
934 2886 1012 2969 ique
1023 2908 1099 2950 voce
1112 2885 1248 2973 Satyrus,
1257 2889 1336 2955 duc-

95 2981 160 3033 tam
173 2988 283 3033 vocem
298 2966 412 3053 Satyro
420 2991 433 3045 ;
448 2969 521 3032 istas
535 2983 686 3054 praeterea
701 2968 829 3055 Satyrus
843 2972 1029 3036 carminibus
1045 2970 1225 3038 Graecorum
1242 2972 1334 3061 Saty·

92 3054 165 3118 sicis
186 3053 279 3119 valdi
301 3051 393 3118 fuisse
413 3052 538 3118 affinesx
573 3055 634 3118 nod
648 3075 713 3118 esse
727 3055 921 3120 salsissimum
935 3057 1102 3121 luculenter
1114 3058 1336 3126 demonstravit

57 3177 64 3196 x
94 3139 311 3217 casaubonus,
332 3139 386 3202 ubi
406 3140 496 3203 docet
517 3141 536 3202 i
551 3077 685 3225 (intyrus
705 3163 745 3205 ex
757 3141 904 3224 analogii
922 3141 1048 3205 formari
1062 3164 1125 3207 non
1140 3140 1265 3229 Satyra,
1280 3149 1334 3211 sed

95 3222 247 3375 Sotysg'eo,
262 3223 488 3312 plurimumque
512 3225 656 3289 interesse
670 3225 749 3290 inter
764 3225 944 3291 Graecomm
960 3226 1112 3312 satyrica,
1127 3242 1158 3291 et
1170 3226 1333 3296 Romano-

94 3330 163 3375 rum
204 3311 306 3376 atiras.
922 3339 927 3350 ·
1316 3321 1324 3346 ‘

138 3393 337 3482 Sponltemius
352 3398 384 3459 in
395 3395 524 3482 pulchri
535 3395 589 3460 sui
601 3399 641 3460 ad
652 3394 774 3462 Juiinni
785 3396 976 3484 Imperatoris
993 3396 1121 3462 Censoris
1132 3399 1330 3480 Praesatione,

115 3479 185 3546 lura
196 3483 236 3545 de
246 3503 329 3546 novo
343 3479 504 3546 observata
515 3471 695 3545 contrilit‘ad
710 3506 748 3547 ea
759 3505 829 3566 quae
842 3497 913 3546 ante
926 3486 1013 3548 eade
1025 3505 1058 3546 ro
1071 3484 1242 3569 protulerat
1251 3488 1330 3551 cele·

92 3502 243 3630 ieramus
271 3564 412 3646 Criticus,
438 3568 597 3651 descriptis
623 3589 738 3651 magno
761 3591 831 3632 cum
852 3569 973 3652 Judicio
998 3571 1130 3634 duorum
1152 3575 1329 3671 poimatnm

94 3649 229 3733 quinque
244 3663 297 3715 aut
307 3673 361 3716 sex
376 3653 599 3716 discriminibus
614 3653 842 3737 insignioribus,
858 3675 928 3737 quae
942 3655 967 3717 si
979 3653 1082 3719 videre
1096 3677 1211 3741 cupias,
1224 3671 1330 3721 arneto-

94 3754 159 3798 rem
183 3735 243 3798 adi.
285 3735 373 3800 Nihil
396 3760 531 3822 unquam
554 3738 610 3801 suit
631 3740 715 3824 apud
728 3738 856 3802 Graecos
871 3737 1025 3803 Romanae
1040 3740 1152 3805 Satira
1166 3741 1329 3815 finitimum

91 3833 206 3967 plqaeter
219 3817 313 3884 sitta
325 3843 404 3901 suos,
417 3825 548 3888 mordax
560 3823 717 3888 Poematis
730 3845 836 3908 genus,
849 3824 932 3907 quod
942 3845 982 3888 ex
994 3824 1170 3910 fragmentis
1184 3825 1330 3892 sium

133 3903 234 3968 ‘monis
256 3904 349 3970 sacili
375 3909 481 3992 colligi
503 3923 624 3994 potest;
656 3924 689 3975 at
710 3912 771 3974 boc
793 3910 931 3988 intereat,
946 3910 1030 3993 quod
1054 3910 1127 3975 Silii
1146 3911 1329 3977 Graecorum

93 4010 187 4054 merae
209 4004 309 4054 essent
329 3989 485 4071 Porodice,
500 3996 585 4078 quod
598 3997 637 4059 de
650 3992 796 4058 Ronmni
811 3995 917 4058 Sotiri
931 3995 992 4058 diei
1007 3998 1121 4081 nequit,
1135 3998 1190 4063 nbi
1212 3997 1330 4063 silone

92 4076 262 4160 aliquando
272 4074 306 4139 in
318 4074 488 4142 Parodiam
502 4081 630 4160 incidas,
644 4080 762 4144 videbis
776 4095 878 4144 mmen
893 4079 1026 4146 Poitam
1040 4083 1155 4147 cavisse
1169 4104 1209 4148 ne
1222 4084 1330 4149 abute-

90 4175 186 4312 gatar.
227 4157 322 4225 Unde
335 4161 430 4245 liquet
440 4162 583 4230 Parodiis
597 4166 768 4231 naturalem
782 4187 846 4230 esse
859 4166 893 4229 in
907 4165 992 4229 Sillis
1006 4167 1120 4248 sedem,
1133 4189 1197 4233 non
1210 4168 1283 4233 item
1295 4170 1329 4243 in

119 4261 212 4312 ³th-

132 4330 289 4419 Expositi
310 4333 433 4398 tandem
456 4337 574 4416 naturis,
589 4339 720 4422 origine,
735 4351 766 4402 et
779 4358 942 4423 progressu
957 4336 1079 4416 Satira,
1093 4361 1194 4425 pauca
1207 4339 1247 4403 de
1260 4341 1331 4425 ipso

90 4413 226 4484 Horatio
238 4419 313 4482 mihi
327 4432 399 4483 sunt
411 4419 552 4499 dicenda,
568 4423 755 4507 quiquidem
767 4423 866 4506 qualis
878 4423 909 4485 in
922 4424 981 4487 boc
992 4445 1085 4509 opere
1096 4425 1144 4505 sit,
1156 4447 1218 4489 non
1227 4436 1332 4509 potest

90 4506 281 4568 commodiirs
295 4506 506 4583 demonstrari,
522 4509 613 4589 quim
629 4509 654 4571 si
668 4530 738 4572 eum
754 4509 928 4573 Silanorum
952 4511 1058 4576 statuis
1078 4531 1247 4597 compares,
1261 4512 1330 4594 qui·

89 4587 147 4674 bus
167 4588 345 4657 Alcibiades
367 4591 401 4657 in
415 4588 583 4687 Symposio
597 4592 758 4663 Socraoem
772 4609 943 4682 comparat,
958 4617 1028 4680 quae
1042 4597 1119 4663 nihil
1132 4610 1220 4664 extra
1233 4597 1333 4684 hmo
