2900 4959
424 359 524 459 nm
549 342 704 498 curm
725 387 884 463 anna.
907 346 1121 470 nicaen

516 585 1042 768 emmenum
1094 609 1097 614 ’
1139 569 1200 752 .

342 973 424 1102 ΙΝ
466 973 816 1065 nonnum
856 969 1201 1106 sturnis
1378 1109 1381 1118 ἴ

311 1490 357 1534 uu
371 1488 508 1533 amorne
520 1487 562 1531 nr
577 1487 768 1531 raoenussu
783 1457 906 1531 sarram
921 1487 1070 1552 nouare,
1086 1487 1128 1531 en
1142 1487 1238 1552 quse,

578 1570 786 1638 nasamonas
804 1572 969 1615 sueram.

53 1719 61 1732 “
155 1693 362 1792 ΗΟΒΑΤΙΙ
386 1713 506 1780 Satires
521 1713 760 1778 duobus·‘Libris
769 1715 1016 1800 comprehensas,
1032 1738 1113 1786 nuuc
1129 1716 1284 1782 Sermones
1309 1741 1393 1786 nunc

158 1802 287 1880 Satires,
302 1801 388 1868 nullo
402 1800 576 1863 discrimine
590 1798 757 1885 appellavit
770 1801 856 1886 ipse:
875 1803 980 1864 verum
996 1808 1087 1886 quum
1103 1800 1191 1866 Idem
1206 1804 1319 1874 modis,
1345 1808 1392 1870 ui-

155 1889 283 1953 busdam
298 1885 454 1950 distinctas
479 1885 584 1948 animo
597 1900 815 1974 repraesentent
828 1888 1040 1966 eakuocabula,
1056 1911 1074 1950 o
1097 1909 1159 1951 erae
1172 1889 1303 1981 pretium
1321 1829 1392 1954 iac·

155 1990 237 2037 turus
249 1973 364 2049 videor,
378 1971 412 2049 si,
425 1967 499 2055 quid
511 1970 626 2058 antiqui
638 1965 774 2036 Romani
787 1965 987 2055 perASatirorn
1000 1973 1061 2036 inte
1085 1974 1211 2051 exerint,
1219 1995 1389 2059 exponam.

154 2059 276 2122 Primus
290 2058 482 2123 doctissimus
496 2053 815 2139 Casanbonuspatque
829 2055 907 2140 adesi
921 2057 1003 2120 solus
1017 2057 1048 2130 in
1063 2080 1099 2121 eo
1114 2057 1246 2122 feliciter
1259 2081 1388 2148 operam

154 2145 264 2231 posuit,
278 2157 312 2206 ut
325 2143 546 2207 demonstraret
560 2161 629 2225 quse
643 2145 683 2203 'et
696 2135 793 2224 qualis
808 2155 885 2203 esset
906 2140 1016 2204 Poetis
1031 2142 1174 2225 Satyrica
1193 2143 1387 2222 Graecorum,

153 2251 223 2313 quoe
238 2229 341 2292 Satira
354 2227 580 2292 Romanorum
605 2224 666 2289 Est
675 2227 727 2289 ilie
741 2227 818 2289 liber
832 2227 985 2310 quantivis
999 2230 1087 2312 predi
1099 2250 1107 2289 t
1121 2250 1178 2291 nec
1192 2229 1327 2294 diffiteor
1341 2254 1387 2294 me

153 2316 225 2379 inde
238 2314 402 2406 plurimum
417 2313 555 2395 adjutum
568 2311 670 2374 suisset
734 2336 736 2341 ’
775 2347 777 2354 >
871 2361 873 2366 .
994 2353 999 2365 ·

195 2398 256 2462 Hic
271 2398 351 2460 enim
366 2413 412 2460 est
424 2398 548 2476 fructus,
562 2416 651 2480 quem
667 2418 705 2459 ex
717 2396 928 2460 excellentium
948 2398 1084 2462 virorum
1100 2399 1273 2464 laboribus·
1285 2403 1385 2485 perci·

152 2505 224 2568 pere
233 2484 396 2545 debemus:
411 2484 462 2568 qui
472 2483 542 2547 ideo
551 2480 639 2545 nobis
648 2482 842 2566 praeiverunt,
853 2496 887 2545 ut
897 2481 929 2544 in
942 2484 1043 2568 spissis
1056 2485 1241 2567 antiquitatis
1254 2485 1386 2550 tenebris

154 2570 250 2630 facem
265 2568 495 2634 succedentibus
509 2566 695 2652 praeserrent
721 2566 796 2630 Non
810 2582 911 2629 tamen
926 2569 957 2629 in
968 2565 1140 2653 superiores
1155 2571 1198 2633 ita
1212 2570 1296 2634 oculi
1311 2573 1385 2654 deli·

154 2653 256 2733 pendi,
271 2666 304 2718 ut
317 2654 449 2738 propriis
464 2655 554 2716 etiam
568 2652 721 2734 gressibus
736 2654 1027 2716 nonnattendamusr
1055 2675 1110 2739 per
1124 2654 1190 2717 illas
1204 2656 1286 2718 enim
1303 2659 1383 2719 iuce-

153 2738 229 2800 dunt
243 2738 408 2821 aliquando
423 2739 552 2818 semitm,
562 2739 600 2800 ‚in
612 2738 721 2820 quibus
733 2757 796 2800 non
807 2751 905 2802 tutum
917 2739 955 2800 sit
967 2761 1017 2804 eos
1030 2739 1132 2822 sequi:
1146 2740 1178 2802 id
1191 2742 1274 2822 quod
1284 2755 1318 2804 et
1328 2764 1382 2824 ego

154 2823 202 2886 hic
218 2824 296 2900 cavi,
312 2845 394 2908 saepe
406 2826 470 2885 vias
486 2823 592 2908 parium
608 2824 693 2885 tritas
708 2839 835 2902 secutnS,
850 2838 884 2886 ut
898 2825 929 2886 in
943 2835 1107 2908 progressu
1143 2825 1245 2887 atebit.¹

194 2909 251 2971 Est
266 2923 366 2992 antem
382 2909 485 2972 Satira
499 2909 640 2994 quaedam
656 2908 793 2970 Podseos
807 2910 923 2994 specics
938 2909 1004 2972 aliis
1019 2910 1109 2992 quam
1121 2848 1276 2973 liomanis
1296 2933 1380 2995 pror·

154 3015 203 3060 sus
218 2989 388 3078 incognita,
401 2998 456 3058 nec
469 2993 614 3058 arlacum
630 2993 772 3076 Satyricd
788 2994 968 3060 Graecorum
991 2995 1077 3077 poesi
1101 2991 1286 3078 cognatione
1311 3019 1380 3060 con·

113 3073 119 3112 ¹
147 3082 267 3164 juncta,
283 3075 353 3180 quei
367 3073 469 3144 tomen
483 3080 673 3160 quorundam
689 3081 850 3143 doctorum
865 3081 969 3164 opinio
985 3080 1050 3141 snit
1095 3080 1303 3162 Quintilianus
1320 3104 1380 3145 out·

153 3185 219 3231 nem
235 3164 454 3228 dubrtationern
469 3161 558 3240 tollit,
571 3165 639 3225 crim
654 3165 759 3226 scribit
771 3163 841 3227 Lib.
855 3165 876 3226 i.
893 3181 961 3248 cap.
976 3170 1042 3248 10,ι
1073 3164 1177 3228 Sotira
1188 3165 1308 3250 quidem
1323 3175 1378 3229 tota

151 3251 252 3314 nosne
276 3261 326 3313 ert.
369 3247 445 3318 lude
468 3251 617 3336 estquod
641 3247 789 3311 Horatius
813 3251 878 3312 Sat.
905 3255 953 3313 10.
969 3249 1040 3312 Lib.
1056 3250 1153 3338 iver.
1168 3254 1219 3312 66.
1264 3241 1377 3314 Graiis

95 3365 100 3374 ¹
151 3336 291 3401 intactam
306 3343 421 3400 carmen
436 3333 564 3399 dixerat.
971 3385 973 3392 ,
1011 3341 1017 3362 “
1187 3405 1189 3412 s
1347 3327 1370 3347 '⁸

193 3420 276 3484 Ecce
290 3421 346 3485 tibi
359 3439 535 3506 germanam
550 3419 639 3502 hujus
653 3420 738 3483 vocis
749 3419 1002 3504 Etymoiogiam:
1017 3418 1119 3482 Latini
1134 3420 1278 3500 Satorum
1291 3417 1376 3500 daus·

151 3508 266 3588 pabant
278 3529 333 3591 pro
339 3505 442 3592 pleno,
452 3505 500 3567 cui
513 3504 552 3567 ad
564 3503 779 3587 perfectionem
792 3506 866 3569 nihil
879 3507 1012 3568 deesset:
1027 3507 1097 3568 hinc
1111 3501 1376 3578 Satro'coiorcitm

151 3590 224 3652 lana
237 3592 369 3654 colorem
385 3591 475 3675 plene
490 3590 692 3669 combibisset,
707 3614 763 3654 nec
800 3593 940 3673 nicquam
956 3591 996 3653 ad
1010 3592 1171 3653 tincturam
1186 3591 1277 3672 adjici
1289 3604 1376 3677 potu⁴

150 3673 230 3737 isset.
252 3673 304 3738 Ex
318 3675 411 3739 Satur
422 3676 534 3738 factum
549 3673 673 3754 Satara,
685 3679 769 3759 quod
779 3613 887 3740 deliro
899 3676 989 3738 etiam
1001 3697 1055 3759 per
1066 3677 1078 3736 i
1090 3676 1261 3753 eliciebant,
1274 3696 1377 3758 quem·

151 3759 315 3824 admodum
329 3761 471 3824 morienne
485 3775 515 3823 et
528 3783 689 3840 monemus,
705 3774 839 3846 optant-us
854 3773 884 3826 et
896 3760 1032 3844 optimus.
1075 3760 1134 3826 Est
1147 3760 1240 3843 igitur
1256 3759 1377 3824 Nemea

148 3843 343 3929 Ardeatinam,
354 3847 437 3929 quod
446 3846 621 3909 relationem
634 3848 726 3914 habet
738 3849 777 3911 ad
791 3845 1011 3914 Substantiam
1023 3845 1205 3910 intellectum
1216 3868 1225 3907 t
1236 3845 1376 3908 dicebant

149 3930 229 3993 enim
244 3930 335 4014 prisci
352 3930 494 3994 Saturam
509 3932 710 4013 intelligentes
723 3932 845 3996 lancem.
888 3930 968 3994 Erat
983 3946 1083 3994 autem
1099 3929 1213 3994 Satara
1232 3929 1305 3993 lanc
1323 3952 1375 3993 vas

150 4015 287 4102 (Gallici
298 4038 340 4082 aa
351 4014 465 4099 bosna)
479 4036 569 4082 omne
580 4038 676 4099 genus
687 4018 834 4082 fructibus
846 4017 1003 4100 repletum,
1013 4037 1088 4099 qnos
1100 4014 1205 4077 Cereri
1218 4016 1374 4097 quotannis

148 4114 180 4164 et
192 4100 331 4180 Baccho,
346 4116 380 4163 nt
393 4100 485 4165 totius
500 4104 572 4167 anui
587 4117 788 4190 proventurum
803 4103 962 4186 primitias,
977 4100 1255 4177 offerresoleban13
1277 4103 1375 4183 cajus·

149 4188 234 4251 modi
248 4186 418 4250 oblationes
431 4207 470 4249 ex
483 4186 576 4249 variis
599 4188 762 4270 genetibus
770 4190 858 4250 inter
876 4209 908 4248 se
926 4187 1059 4265 confusis
1077 4205 1137 4248 non
1156 4198 1242 4247 erant
1260 4184 1376 4250 Grecis

149 4273 274 4336 omnino
286 4271 463 4354 incognitae,
474 4271 525 4353 qui
534 4293 586 4337 eas
595 4273 793 4356 appellabant
803 4297 944 4347 umagen
958 4272 1053 4341 Smrar,
1065 4294 1236 4346 stomoma»,
1248 4283 1278 4332 et
1292 4272 1321 4331 in
1333 4270 1374 4331 le·

149 4359 324 4436 geminibus
334 4359 460 4425 radron
475 4354 642 4420 Diomedes
660 4355 891 4422 Grammaticus
904 4361 1046 4423 accurate
1068 4374 1099 4422 et
1121 4360 1202 4420 bunc
1218 4357 1374 4428 Romano·

76 4465 84 4476 ⁸
148 4460 215 4503 rum
230 4464 345 4508 morem
360 4458 390 4506 et
411 4441 496 4506 vocis
512 4439 631 4505 Satara
647 4457 787 4506 naturam
801 4446 968 4529 explicarit
981 4446 1027 4507 iris
1040 4445 1150 4520 verbis,
1165 4443 1257 4506 Mna
1270 4438 1373 4523 referto

147 4525 239 4590 aeriis
253 4528 408 4616 multisque
425 4524 570 4616 primitiis
586 4527 689 4594 Sacris
708 4527 827 4600 Cereris
839 4529 1029 4614 informator,
1045 4542 1071 4592 et
1085 4530 1106 4593 d
1126 4526 1212 4612 cupid
1226 4540 1257 4589 ct
1269 4524 1372 4590 santi«

822 3335 839 3358 1¹¹
