2900 4959
198 19 213 48 0

52 137 116 200 3oe
439 123 630 189 DACERll
651 111 906 190 PRAEFATIO.

52 285 180 345 enatus
194 275 327 353 illorum,
343 273 387 339 illl
402 273 477 337 mibi
491 276 573 338 viatn
589 288 782 359 aperuerunt
814 272 848 336 Si
864 272 926 355 qui
940 272 971 335 iu
986 293 1019 335 re
1031 293 1092 357 ego
1106 270 1176 336 illos
1189 267 1300 358 super·¹

54 366 113 443 avi,
129 384 221 427 omne
242 362 319 424 illud
342 369 501 445 acceptum
525 361 626 423 resero
647 360 767 442 ntagnis
783 359 847 426 istis
869 380 909 421 ex
927 359 1107 443 antiquitate
1122 358 1204 436 vitis,
1217 379 1298 442 quos

54 453 171 534 majore
194 469 264 511 cum
287 448 370 524 curi,
395 447 511 529 majore
533 447 617 508 certi
640 443 714 522 otio,
730 445 803 529 legi,
818 443 989 512 Homerum
1015 445 1096 521 dico,
1120 442 1295 523 Platonem,

53 535 260 612 Aristotelem,
276 533 413 615 aliosque
427 547 490 594 tam
507 531 646 609 Groecos,
660 531 752 615 quiam
776 530 915 606 lanum,
931 551 1008 613 quos
1027 529 1149 593 assidui
1173 544 1248 606 tero,
1263 543 1300 592 ut

54 623 95 686 ad
107 639 213 685 eorum
228 633 346 702 gestum
361 617 522 680 reformem
538 635 649 695 meum,
664 637 831 698 eorumque
845 615 979 679 sonubus
1003 614 1126 699 Ingenii
1140 629 1170 678 et
1182 614 1300 679 ludicii

55 709 116 771 mei
139 706 275 770 hortulos
290 704 424 787 irrigem.

98 792 172 856 Non
186 791 305 870 desunt,
320 791 396 867 scio,
416 789 463 852 lris
477 788 665 873 temporibus
679 787 732 871 qui
755 807 872 870 magna
886 786 941 849 illa
955 785 1093 850 Nomina
1105 786 1168 849 risu
1181 786 1302 872 excipi·

54 892 121 956 unt,
134 877 186 960 qui
200 875 368 939 reclamant
381 875 532 952 laudibus,
548 875 665 958 quibus
673 894 729 959 per
743 874 848 937 omnia
862 873 966 935 secula
980 872 1125 936 celebrati
1137 873 1302 1019 ornatilque

57 976 136 1041 suut,
149 962 261 1046 quique
275 960 345 1024 illos
357 960 489 1045 spoliare
501 960 597 1023 velint
606 960 644 1022 iis
656 959 788 1036 comitis,
802 980 878 1042 quas
889 971 977 1022 tanto
989 980 1045 1021 suo
1055 960 1165 1022 merito
1176 960 1215 1022 de
1258 957 1302 1021 ri·

57 1049 221 1114 bannalibus
235 1046 314 1110 adesi
329 1047 466 1130 augustis
481 1059 684 1132 reportarunt
707 1047 751 1109 At
762 1046 803 1123 lti,
819 1046 892 1107 dum
916 1044 1013 1108 nimio
1023 1043 1189 1108 efferuntur
1200 1044 1302 1108 studio

57 1153 126 1199 ectu
138 1133 293 1197 devitandi
307 1134 552 1209 admirationem,
564 1134 651 1215 cujus
661 1139 756 1193 mater
767 1145 812 1195 est
821 1130 1009 1216 igrsorontio,
1021 1130 1229 1214 imprudentes
1240 1129 1303 1193 dis-

58 1221 173 1284 cedunt
195 1222 236 1282 ab
259 1219 356 1282 altera
366 1218 429 1296 illa,
445 1239 537 1302 quatu
560 1217 655 1280 Plato
678 1231 836 1301 nuncupat
858 1215 1156 1301 motrcmsnpientiae,
1171 1237 1304 1298 quaeque

59 1306 159 1393 primu
172 1304 280 1368 oculos
294 1303 469 1367 bominibus
493 1304 621 1387 aperuit.
671 1301 805 1366 Minime
829 1302 923 1364 miror
937 1301 1193 1386 pulchritudinem
1217 1301 1302 1364 illam

59 1391 207 1469 divinam,
223 1411 294 1474 quae
309 1390 391 1475 apud
407 1389 579 1474 Scriptores
592 1389 687 1472 longis
711 1388 978 1473 praestantissimos
992 1388 1100 1466 elucet,
1116 1388 1189 1450 istos
1202 1388 1304 1449 bomi-

60 1498 115 1541 nes
137 1495 201 1540 uon
223 1498 344 1561 capere,
360 1497 458 1558 neque
480 1476 619 1537 trahere:
642 1495 753 1558 nempe
775 1473 958 1536 infirmiores
981 1486 1060 1550 sunt,
1075 1472 1166 1556 quim
1181 1485 1215 1535 ut
1227 1494 1305 1536 ocu-

60 1563 107 1626 los
121 1564 212 1626 tantis
228 1562 440 1646 splendoribus
455 1560 586 1622 intentos
599 1560 652 1622 diu
668 1573 770 1623 tenere
785 1571 917 1642 queant:
933 1581 972 1624 ne
986 1561 1088 1622 dicam
1103 1559 1223 1622 facilem
1239 1579 1305 1622 esse

61 1669 126 1711 retu
138 1648 290 1731 Antiquos
304 1659 507 1722 contemnere,
523 1645 709 1707 laboriosam
725 1645 798 1707 vero
810 1645 990 1728 intelligere.

105 1733 201 1816 Quod
226 1733 266 1795 ad
281 1754 329 1795 me
344 1732 459 1808 attinet,
475 1729 606 1793 Divinos
618 1730 699 1792 -illos
713 1729 807 1792 Viros
821 1753 859 1793 ex
876 1732 981 1794 animo
995 1746 1076 1795 totus
1094 1731 1231 1794 admiror
1251 1752 1305 1794 ve·

63 1840 223 1903 ueros-que.
268 1816 334 1880 Eos
349 1817 423 1879 mihi
447 1837 565 1901 semper
579 1818 620 1879 ob
634 1816 742 1880 oculos
757 1837 849 1900 pono,
866 1818 958 1895 velut,
973 1817 1098 1880 ludices
1112 1818 1262 1880 verendos
1276 1830 1307 1881 et

62 1906 265 1990 incorruptos,
291 1904 373 1989 apud
388 1924 464 1987 quos
486 1903 615 1966 libenter
629 1903 716 1985 tingo
735 1903 923 1966 reddendum
939 1904 1015 1966 milti
1035 1923 1100 1966 esse
1123 1903 1305 1989 scriptorum

62 2011 200 2056 uteorum
222 1990 381 2054 rationem.
880 2055 882 2057 ,

104 2076 227 2161 Magnis
241 2077 360 2139 interim
376 2077 473 2139 ducor
485 2073 677 2138 Posteritntis
692 2074 881 2138 reverentiis:
905 2075 1042 2138 timidior
1057 2075 1148 2157 quim
1164 2075 1307 2139 fidentior

63 2165 179 2248 cogito,
192 2162 283 2248 quale
298 2164 336 2226 de
351 2164 493 2248 operibus
508 2162 592 2239 meis,
608 2162 632 2223 si
647 2163 731 2225 bono
747 2183 802 2224 suo
818 2162 881 2225 fato
893 2182 931 2224 eo
944 2162 1103 2246 pervenire
1117 2163 1244 2246 possint,
1253 2163 1307 2245 ju·

38 2314 40 2318 ,
63 2250 178 2314 dicium
192 2250 293 2313 latura
304 2251 351 2311 sit.
396 2248 470 2310 Non
484 2246 554 2310 ideti
568 2262 672 2310 tamen
684 2248 811 2310 minoris
826 2249 945 2311 aesumo
960 2248 1067 2310 doctos
1081 2247 1173 2324 viros,
1187 2249 1239 2331 qui
1252 2248 1307 2310 lto·

64 2336 115 2400 die
128 2337 254 2415 vivunt3
269 2335 355 2397 malti
370 2348 449 2410 sunt,
464 2332 571 2410 fateor,
586 2334 639 2416 qui
654 2334 790 2395 seculum
806 2349 942 2396 nostrum
957 2345 1119 2412 exornant,
1135 2334 1187 2416 qui
1201 2334 1309 2419 priora

107 2423 233 2486 tuissent
256 2439 422 2497 exornare3
446 2419 610 2501 inquibus
634 2432 736 2481 tamen
760 2441 799 2482 ne
814 2441 906 2482 unum
923 2420 1046 2502 quidem
1070 2420 1153 2497 novi,
1177 2421 1228 2503 qui
1244 2441 1309 2482 non

64 2445 194 2571 ignoret
207 2520 238 2567 et
252 2505 335 2566 colat
349 2506 500 2587 antiquos,
515 2506 565 2566 cui
580 2525 642 2565 nou
667 2505 748 2567 idem
763 2505 846 2587 quod
862 2505 922 2568 illis
938 2506 1047 2590 sapiat,
1062 2519 1116 2568 aut
1130 2505 1180 2588 qui
1198 2526 1307 2567 eorum

64 2605 220 2677 praecepta
235 2611 296 2652 uon
311 2591 461 2667 observet,
476 2590 557 2652 unde
573 2604 719 2672 quantum
736 2591 934 2663 aberraveris,
949 2605 1069 2654 tantum
1085 2593 1125 2653 ab
1140 2590 1204 2676 ipsi
1214 2603 1309 2652 natu·

63 2678 99 2740 rai
113 2691 144 2739 et
157 2675 285 2738 veritate
308 2675 490 2738 discesseris.
534 2673 645 2758 Neque
659 2697 767 2739 verear
780 2677 973 2753 confirmare,
989 2699 1051 2740 oon
1066 2699 1132 2739 esse
1153 2675 1308 2740 difficilius

63 2763 129 2825 sine
144 2761 211 2824 luce
226 2776 279 2824 aut
293 2761 389 2824 oculis
404 2762 525 2843 objecta
539 2762 721 2846 perspicere,
738 2763 829 2846 quarn
845 2763 975 2825 solidam
990 2763 1113 2825 laudem
1127 2761 1265 2847 adipisci,
1278 2776 1311 2826 et

64 2848 222 2931 ingeniolo
236 2848 378 2924 excolere
400 2847 467 2910 aliis
482 2847 662 2925 rationibus,
686 2849 778 2931 quim
803 2871 878 2932 quos
900 2848 1006 2913 Groeci
1023 2862 1054 2911 et
1067 2848 1205 2912 Romani
1219 2849 1311 2913 nobis

63 2934 334 3019 praescripserunt:
351 2933 424 2995 Sive
438 2934 521 2996 enim
535 2933 667 3018 propriis
682 2934 779 2997 felicis
793 2935 910 3018 ingenii
925 2934 1041 2999 viribus
1056 2936 1165 3013 innixi,
1190 2935 1254 2997 sive
1269 2937 1311 2997 ab

64 3033 129 3083 arte
151 3033 181 3083 et
196 3019 303 3083 studiis
317 3019 465 3098 instructi,
480 3040 585 3082 earum
599 3020 736 3103 vestigiis
751 3023 942 3084 succedimus
962 3035 1074 3084 tamen.
1120 3020 1183 3103 Qui
1207 3033 1311 3084 autem

63 3107 217 3190 Antiquos
232 3108 389 3184 damnant,
405 3107 498 3169 causi
512 3128 574 3169 non
590 3106 726 3190 cogniti,
739 3128 801 3169 non
815 3109 870 3169 abs
882 3129 915 3170 re
929 3109 996 3185 erit,
1008 3128 1062 3170 eos
1074 3105 1167 3169 semel
1178 3119 1208 3169 et
1220 3107 1312 3169 sitnm

63 3205 150 3256 tanto
164 3214 268 3256 errore
282 3191 422 3269 liberare,
438 3206 472 3253 ut
485 3192 558 3275 ipsis
573 3192 676 3277 palam
692 3193 757 3270 liat,
771 3214 812 3271 se,
827 3194 901 3255 dum
916 3194 1012 3256 nimio
1035 3193 1067 3255 in
1083 3193 1162 3256 banc
1187 3205 1312 3256 aetatem

64 3279 166 3343 studio
189 3280 354 3343 transversi
378 3278 547 3363 rapiuntur,
567 3280 631 3360 ejus
654 3277 747 3341 samae
762 3280 844 3363 apud
860 3294 997 3364 posteros
1013 3278 1227 3362 gravissimum
1243 3278 1314 3341 vul·

64 3385 122 3428 uus
139 3365 348 3450 imprudentes
366 3363 515 3446 infligere.
542 3363 637 3446 Quod
653 3385 724 3428 nant
740 3363 821 3428 euim
836 3366 1007 3448 excogitari
1022 3378 1123 3449 potest
1136 3364 1250 3427 clarius
1262 3386 1313 3426 ar·

65 3465 247 3533 gumentum
263 3452 302 3513 ad
318 3449 412 3514 seculi
427 3450 559 3533 cujusvis
574 3450 793 3533 ignorantiam,
809 3464 861 3513 aut
875 3453 978 3536 potitis
991 3451 1167 3513 barbariem
1178 3451 1315 3513 ¹demon-

66 3536 234 3612 strandum,
251 3537 342 3619 quatu
367 3536 450 3619 qutid
474 3536 517 3599 ibi
539 3534 694 3598 Homerus
709 3537 816 3599 audiat
830 3537 959 3622 ineptus,
974 3536 1068 3600 Plato
1092 3538 1132 3599 ad
1156 3535 1314 3600 fastidium

65 3618 215 3705 prolixus,
233 3621 410 3690 Aristoteles
425 3623 532 3707 partim
547 3622 665 3699 doctus,
678 3619 902 3686 Demosthenes
916 3637 947 3686 et
961 3623 1075 3686 Cicero
1090 3622 1109 3685 ie
1125 3623 1215 3685 trivio
1230 3621 1315 3684 Ora·

66 3703 188 3783 torculi,
203 3703 354 3788 Virgilius
368 3706 470 3770 Poiita
482 3708 572 3770 nullis
587 3708 704 3791 gratiis,
720 3710 806 3772 nullo
818 3724 938 3787 ornatu,
952 3707 1102 3772 Horatius
1117 3708 1250 3790 denique
1261 3728 1316 3770 ru·

67 3790 125 3869 dis,
139 3790 272 3869 humilis,
287 3806 318 3856 et
332 3793 396 3856 sine
409 3793 533 3857 nervis?
548 3792 700 3857 Barbarae
714 3794 778 3858 illm
793 3808 907 3879 gentes,
923 3817 994 3878 quae
1009 3793 1166 3857 Graeciam
1182 3808 1213 3856 et
1226 3792 1317 3856 ltali-

67 3898 118 3940 am
132 3876 326 3962 populantes,
341 3893 426 3944 tauto
441 3881 543 3943 furore
557 3882 786 3964 grassabantur,
801 3881 876 3964 quid
891 3902 1026 3964 unquam
1042 3882 1073 3943 in
1088 3879 1225 3943 delendis
1243 3878 1317 3964 pul·
1362 3887 1365 3890 ’

66 3963 225 4027 uberrimis
238 3966 396 4028 vetustatis
411 3965 614 4030 monumentis
627 3967 734 4029 tetrius
757 3967 823 4029 ausi
838 3966 929 4030 sunt?
953 3967 1038 4049 Quid
1061 3967 1162 4050 magis
1185 3966 1317 4031 borren-

67 4047 166 4112 dumi
180 4048 298 4113 Venitn
314 4071 382 4136 spes
395 4064 440 4114 est
454 4075 517 4115 nou
532 4053 588 4115 toti
603 4051 707 4115 seculo
721 4053 905 4137 imputatum
919 4053 958 4116 iri
973 4055 1165 4138 quorundam
1190 4071 1318 4136 perver-

67 4153 133 4198 sum
143 4136 307 4219 judicium,
322 4156 379 4198 nec
393 4137 467 4200 Anti
490 4138 536 4200 uis
550 4137 651 4201 fraudi
665 4137 741 4202 fote.

111 4218 241 4285 Frustra
262 4219 436 4305 imperator
450 4160 502 4286 ttie
517 4224 649 4288 armaio
664 4223 846 4302 Homerum,
862 4221 1040 4309 Virgilium,
1055 4223 1164 4287 Titum
1185 4221 1318 4286 Livium

67 4307 183 4370 movit:
197 4305 355 4371 Incassum
370 4308 509 4371 cecidere
529 4309 607 4372 tanti
630 4326 778 4374 conatus:
792 4310 907 4373 bellum
923 4310 1154 4375 absolutissimis
1168 4308 1317 4394 operibus

69 4391 217 4456 indictum
230 4394 304 4479 quid
320 4393 404 4458 aliud
417 4395 490 4477 egit,
505 4396 564 4457 nisi
577 4394 617 4457 ad
630 4417 789 4460 numerum
802 4398 986 4482 ineptiarum
1002 4397 1137 4475 accessit,
1150 4417 1211 4481 quo
1222 4394 1318 4458 labo-

68 4488 116 4540 rat
124 4475 218 4561 ipsius
226 4480 365 4560 historia,
375 4479 667 4568 ctttuulatioretnque
676 4482 735 4570 ipsi
744 4484 892 4551 iuvidiam
902 4485 986 4572 apud
995 4497 1132 4571 posteros
1142 4479 1316 4548 condaris?
